1846 3178
283 169 371 227 134
889 160 1102 210 omno

276 298 421 334 antea
447 285 673 347 duxisset.
742 283 923 342 Ceteri,
960 284 1100 333 novis
1123 283 1453 334 affinitatibus
1479 281 1702 343 adducti,

276 379 460 417 veteres
502 367 791 431 inimicitias
834 382 978 433 saepe
1013 365 1314 434 deponunt:
1366 366 1454 416 illa
1497 365 1592 422 sibi
1637 363 1704 425 ad

275 448 645 507 confirmandas
680 447 972 499 inimicitias
1003 447 1257 496 affinitatis
1292 447 1706 510 coniunctionem

180 549 247 590 191
283 531 484 598 pignori
511 530 620 579 fore
640 530 853 598 putavit·
917 531 1091 595 Neque
1135 529 1191 576 in
1225 546 1282 577 eo
1304 529 1467 577 solum
1493 528 1707 596 diligens

277 613 410 676 fuit,
454 623 514 677 ut
551 624 889 675 accusatorem
932 611 1038 659 filio
1086 629 1175 660 suo
1224 624 1572 680 compat-aretz
1620 609 1733 660 sed5

279 693 432 742 etiam
453 692 714 759 cogitavit,
751 691 939 758 quibus
962 709 1080 740 eum
1124 691 1273 754 rebus
1309 705 1538 742 armaret.
1570 692 1708 747 Hinc

281 774 417 822 enim
442 774 559 823 illae
590 774 963 837 sollicitationes
983 791 1241 823 servorum
1265 787 1315 824 et
1342 774 1495 823 minis
1519 760 1571 823 et
1593 791 1708 842 pro-⁴

280 857 459 905 missis:
506 856 629 913 hinc
682 856 800 903 illae
845 855 1076 904 infinitae
1135 856 1607 923 crudelissimaeque
1645 853 1711 913 de

280 950 442 999 morte
490 938 764 1007 Oppianici
799 938 1141 1004 quaestiones:
1187 939 1375 1006 quibus
1420 937 1575 988 finem
1618 937 1710 986 ali·

279 1016 485 1084 quando
520 1036 627 1067 non
665 1019 894 1067 mulieris
927 1017 1134 1077 modus,
1183 1019 1267 1067 sed
1299 1019 1581 1080 amicorum
1623 1032 1768 1075 audon

279 1100 483 1147 ctoritas
521 1090 652 1148 fecit.
751 1101 828 1148 Ab
874 1100 1050 1149 eodem
1090 1102 1270 1159 scelere
1316 1102 1433 1149 illae
1489 1099 1713 1161 triennio

281 1193 393 1248 post
429 1181 633 1236 habitae
666 1183 840 1237 Larini
882 1184 1229 1249 quaestiones:
1275 1181 1499 1231 eiusdem
1540 1199 1712 1233 amen-

284 1263 381 1321 tiae
413 1262 563 1310 falsae
595 1263 988 1332 conscriptiones
1035 1266 1412 1331 quaestionum:
1445 1282 1506 1317 ex
1536 1263 1714 1324 eodem

282 1343 455 1393 furore
502 1345 655 1408 etiam
705 1345 794 1408 illa
841 1347 1174 1405 conscelerata
1223 1348 1431 1408 exsectio
1480 1347 1711 1414 linguae:

284 1428 438 1477 totius
466 1427 686 1496 denique
707 1428 862 1478 huius
890 1430 953 1478 ab
979 1430 1066 1478 illa
1095 1442 1166 1478 est
1186 1442 1236 1478 et
1259 1430 1464 1487 inventa
1491 1440 1542 1490 et
1568 1426 1771 1487 ador-15

193 1535 264 1576 192
285 1522 404 1559 nata
440 1512 749 1579 comparatio
779 1512 1017 1561 criminis.
1071 1516 1237 1579 Atque
1269 1512 1348 1560 his
1375 1510 1524 1568 rebus
1554 1527 1720 1578 quum

285 1592 596 1651 instructum
625 1607 964 1643 accusatorem
998 1594 1104 1643 filio
1131 1612 1222 1658 suo
1253 1596 1463 1653 Romam
1485 1592 1719 1652 misisset:

285 1673 390 1741 ipsa
414 1675 670 1742 paulisper
698 1674 1167 1742 conquirendorum
1194 1688 1245 1723 et
1269 1673 1719 1727 conducendorum

286 1757 488 1804 testium
517 1773 662 1805 causa
698 1757 872 1804 Larini
902 1770 974 1806 est
1001 1770 1332 1805 commorata:
1354 1770 1521 1826 postea
1549 1768 1720 1816 autem

284 1855 441 1903 quam
490 1839 908 1909 appropinquare
951 1838 1106 1887 huius
1141 1838 1393 1888 iudicium
1426 1839 1472 1887 ei
1514 1837 1777 1887 nuntia-20.

284 1931 395 1967 tum
428 1933 526 1981 est,
557 1921 820 1986 confestim
847 1921 949 1969 huc
982 1920 1253 1980 advolavit,
1296 1938 1362 1969 ne
1390 1932 1481 1981 aut
1524 1936 1720 1977 accusa—

287 2000 482 2067 toribus
529 2000 820 2068 diligentia,
867 2014 958 2050 aut
1005 2002 1221 2070 pecunia
1269 2002 1476 2054 testibus
1507 2000 1689 2049 deesset
1705 2022 1723 2066 3->

284 2094 376 2129 aut
409 2099 475 2130 ne
509 2082 638 2148 forte
672 2096 836 2131 mater
871 2083 969 2131 hoc
1003 2083 1099 2137 sibi
1134 2083 1502 2151 optatissimum
1533 2094 1721 2152 specta-

285 2163 463 2211 culum
497 2164 651 2214 huius
683 2165 911 2214 sordium
943 2178 1096 2234 atque
1129 2166 1297 2218 luctus
1328 2177 1378 2213 et
1412 2163 1541 2226 tanti
1574 2180 1722 2231 squa-.

400 2304 434 2330 1.
466 2299 557 2331 ante
585 2292 758 2332 duxisset
847 2307 906 2345 17.
936 2293 1104 2332 Romam
1131 2294 1219 2348 ipsa¹
1245 2293 1416 2338 misisset
1505 2303 1567 2344 19.
1583 2297 1720 2343 autem

394 2361 521 2400 quum

379 2469 407 2492 ι.
449 2462 555 2500 antea
586 2459 686 2497 AB}
755 2462 838 2491 ante
873 2459 903 2491 R
936 2458 1034 2503 vulg.
1179 2469 1212 2491 2.
1245 2456 1309 2490 illa
1334 2455 1404 2495 sibi
1428 2475 1474 2482 —
1522 2456 1542 2499 4
1574 2456 1718 2501 putavit

285 2514 349 2536 om.
385 2515 479 2550 qag
620 2506 651 2537 5.
687 2504 750 2537 sed
778 2524 819 2530 -—-
879 2506 912 2539 6.
939 2509 1092 2537 armaret
1127 2516 1191 2537 om.
1219 2516 1242 2552 q
1266 2514 1290 2535 α
1427 2504 1459 2537 8.
1485 2501 1570 2534 inae
1587 2500 1650 2535 'om
1685 2502 1723 2548 Β

291 2561 341 2582 ιο.
369 2551 555 2584 muliebris
583 2549 634 2583 ed.
670 2552 763 2594 1584.
793 2561 884 2593 ⁰⁷¹9
1016 2551 1064 2592 14.
1094 2551 1156 2583 illa
1180 2561 1248 2583 om.
1275 2560 1298 2581 α
1409 2550 1458 2583 ι5.
1484 2546 1607 2596 huius]
1637 2550 1715 2582 eius

285 2596 354 2629 AB
498 2599 546 2631 16.
573 2603 681 2642 atque
708 2599 761 2631 his
788 2596 911 2630 rebus:
962 2598 1002 2629 in
1027 2597 1081 2629 his
1108 2597 1221 2630 verbis
1244 2594 1378 2630 desinit
1402 2607 1426 2642 p
1571 2607 1619 2639 '7-
1645 2596 1716 2628 mi·

286 2643 409 2675 sisset:
439 2645 514 2684 ipsa
544 2645 608 2677 AR
656 2644 731 2688 ipsa
760 2644 911 2678 misisset
933 2644 1000 2677 ΒΟ
1118 2645 1166 2677 ι8.
1195 2647 1230 2674 et
1258 2642 1404 2675 conduc.
1445 2653 1510 2674 om.
1537 2643 1566 2675 A
1659 2653 1715 2681 20„-

286 2699 394 2735 quam
422 2690 492 2724 AB
546 2702 655 2737 quum
679 2692 750 2725 Ro
872 2692 926 2725 23.
950 2700 994 2724 nc
1018 2689 1109 2723 sorte
1134 2689 1165 2723 h.
1192 2689 1216 2725 l.
1243 2687 1410 2735 desinunt
1436 2700 1527 2735 qw,·
1554 2687 1649 2735 redit
1666 2698 1688 2721 α
