1846 3178
273 167 339 214 86
879 161 1094 202 ORATlo

277 286 422 336 cuius
454 285 661 335 nomine
694 284 748 333 id
769 284 1088 351 obsignatum
1111 297 1210 346 est,
1244 282 1577 333 interfecerit:
1613 281 1705 348 qui

276 369 589 419 avunculum
624 366 718 415 filii
752 366 829 415 sui
867 367 923 414 in
956 367 1192 416 servitute
1227 385 1284 414 ac
1315 365 1530 414 vinculis
1562 380 1708 415 necne

276 451 428 500 verit:
464 450 555 517 qui
587 448 870 516 municipes
903 465 1015 497 suos
1057 447 1438 516 proscribendos
1481 445 1710 496 occiden-

276 531 466 598 dosque
484 529 760 579 curaveritz
778 529 870 595 qui
889 529 996 577 eius
1018 546 1239 583 uxorem,
1268 545 1421 595 quem
1443 527 1706 584 occiderat,

277 614 333 663 in
368 611 752 661 matrimonium
787 610 1015 660 duxeritt
1048 610 1139 678 qui
1161 610 1430 678 pecuniam
1449 628 1543 679 pro
1562 610 1734 658 abor-6

278 695 417 744 tione
451 691 672 741 dederit:
709 693 800 759 qui
848 710 1073 750 socrum,
1109 692 1200 759 qui
1235 709 1438 751 uxores,
1479 691 1570 759 qui
1602 704 1711 740 uno

279 789 506 843 tempore
553 773 724 823 fratris
767 790 976 822 uxorem
1036 784 1361 842 speratosque
1409 771 1593 822 liberos
1634 770 1714 820 in·

280 855 563 907 terfeceritx
595 854 710 922 qui,
735 872 898 920 quum
930 871 1182 902 venenum
1210 854 1442 922 privigno
1474 850 1713 902 snodare'

279 939 452 996 vellet,
487 935 751 985 manifesto
783 934 1122 1004 deprehensus
1149 936 1236 984 sit:
1281 935 1425 983 cuius
1470 932 1725 1008 ministris„

281 1017 592 1083 consciisque
626 1015 899 1072 damnatis,
934 1017 1037 1083 ipse
1083 1015 1331 1065 adductus
1365 1015 1420 1064 in
1463 1005 1769 1065 iuffiumuo

279 1098 554 1168 pecuniam
604 1098 764 1146 iudici
811 1098 1009 1146 dederit
1055 1097 1119 1145 ad
1163 1097 1434 1146 sententias
1483 1095 1717 1146 iudicum

14 1183 65 1242 {Q
281 1180 710 1249 corrumpendas:
744 1180 868 1229 dum
902 1181 1045 1239 haec,
1085 1180 1319 1246 inquam,
1351 1179 1413 1226 (le
1432 1179 1717 1247 Oppianico

283 1263 606 1318 constabunt,
630 1279 796 1328 neque
830 1262 937 1310 ullo
958 1274 1254 1328 argumento
1279 1262 1610 1310 Cluentianae
1636 1279 1716 1331 pe-

283 1345 466 1394 cuniae
500 1344 693 1392 crimen
727 1343 1011 1391 tenebitur:
1048 1342 1176 1409 quid
1202 1355 1302 1401 est,
1346 1342 1484 1409 quod
1529 1342 1591 1392 de
1623 1343 1714 1392 ista

283 1430 521 1477 Censoria
555 1427 654 1476 sive
689 1428 918 1475 voluntas
959 1428 1059 1475 sive
1093 1425 1267 1494 opinio
1325 1424 1448 1480 fuit,
1468 1423 1774 1485 adiuvat-effi

6 1020 66 1072 Q

285 1523 376 1559 aut
409 1510 550 1559 hunc
586 1510 911 1558 innocentem
945 1509 1233 1577 opprimere
1275 1525 1414 1575 posse
1456 1507 1722 1557 videatur?

186 1585 250 1651 45
285 1591 427 1655 Quid
460 1592 618 1657 igitur
638 1593 873 1641 Censores
905 1592 1060 1641 secuti
1095 1593 1242 1641 sunt?
1275 1608 1339 1638 ne
1369 1591 1462 1658 ipsi
1497 1590 1719 1658 quidem,

184 1646 268 1704 *⁵²6
288 1686 346 1721 ut
380 1673 662 1738 gravissime
688 1673 880 1732 dicam,
915 1672 1200 1740 quidquam
1228 1673 1326 1721 alia
1356 1672 1541 1730 dicent,
1578 1690 1722 1741 prae-

0 1740 62 1797 *
110 1748 142 1781 ’μ
289 1767 364 1803 ter
378 1771 657 1803 sermonem
685 1767 839 1822 atque
864 1755 1064 1803 famam.
1112 1755 1255 1803 Nihil
1277 1772 1326 1803 se
1346 1754 1564 1813 testibus,
1587 1754 1720 1802 nihil

288 1836 495 1896 tabulis,
531 1837 663 1885 nihil
698 1837 872 1904 aliquo
899 1838 1036 1903 gravi
1068 1849 1366 1904 argumento
1412 1836 1777 1905 comperissem>

397 1991 438 2015 2.
478 1978 630 2020 necarit
745 1976 781 2020 5.
810 1992 885 2030 pro
914 1980 1074 2030 potione
1205 1978 1242 2018 6.
1273 1992 1434 2017 uxorem
1578 1977 1619 2018 8<
1649 1990 1722 2015 suo

395 2039 763 2084 quaereretsman.
791 2035 841 2072 sit
868 2034 1134 2087 deprehensus
1263 2034 1326 2073 15.
1355 2046 1427 2072 nec
1459 2031 1542 2072 ullo
1654 2045 1719 2070 20.

396 2087 506 2139 gravi
536 2087 669 2141 aliquo

387 2231 414 2252 ι.
433 2218 469 2253 id
495 2231 559 2251 om.
586 2220 678 2266 Baq
693 2232 716 2252 ιι
787 2221 1012 2254 2.uecaverit
1035 2221 1133 2258 AB}
1159 2220 1295 2253 necarit
1317 2222 1454 2266 Rvulg.
1531 2221 1722 2264 4.curave-

113 2265 146 2303 ᾖ
289 2267 411 2304 τίῑΑξ
451 2267 586 2298 curavit
610 2267 670 2299 Βα
686 2279 706 2299 o
755 2268 888 2303 curarit
915 2268 944 2301 11
972 2267 1070 2311 vulg.
1144 2269 1174 2300 5.
1201 2268 1389 2302 abortione
1413 2270 1444 2301 A
1468 2267 1544 2302 cod.
1571 2269 1604 2302 S.
1632 2267 1721 2299 Vict.

290 2313 545 2358 ικλμνξοπ
641 2313 807 2357 portione
833 2326 856 2360 q
950 2312 1264 2357 propositionem
1279 2325 1301 2347 a
1396 2315 1543 2356 potione
1574 2314 1604 2347 R
1640 2314 1723 2346 rell.

289 2358 366 2392 edd.
559 2360 591 2392 6.
617 2370 745 2392 uxores
771 2359 840 2392 AB
863 2357 939 2394 cod.
965 2361 998 2394 S.
1028 2361 1117 2392 Vict.
1212 2371 1356 2393 uxorem
1381 2361 1453 2395 Ro
1544 2359 1630 2406 uno]
1655 2358 1726 2392 hoc

291 2403 898 2451 bcdefghiklmorstuvd'eg
1086 2408 1117 2443 8.
1143 2406 1295 2450 privigni
1323 2420 1375 2453 ps
1468 2418 1577 2450 quum
1605 2417 1671 2439 om.
1698 2417 1724 2438 α

289 2452 372 2485 date
396 2452 507 2485 vellet
529 2453 601 2485 ΑΒ
648 2457 837 2497 quaereret
859 2453 927 2487 Ro
1111 2465 1142 2498 9.
1176 2451 1323 2496 depreh.
1347 2454 1394 2485 sit
1425 2455 1498 2487 AB
1544 2454 1590 2486 sit
1623 2452 1723 2497 depr.

288 2499 358 2531 Ro
504 2500 555 2535 ¹3.
591 2509 709 2543 neque
734 2499 805 2532 AB
863 2510 930 2532 nec
956 2500 1029 2533 Ro
1123 2499 1312 2532 Cluentiae
1343 2501 1410 2546 Bq
1547 2499 1596 2542 ¹4·
1629 2497 1719 2545 ista]

288 2545 366 2587 ipsa
392 2546 421 2578 R
567 2545 616 2580 ¹5-
642 2544 712 2576 fuit
737 2557 802 2579 om.
829 2554 883 2590 ρσ
976 2546 1138 2589 opinatio
1164 2545 1221 2578 hn
1235 2558 1293 2579 vx
1406 2545 1479 2578 sive
1504 2545 1722 2589 subscriptio

290 2591 530 2634 Oppianicum
553 2591 720 2624 adiuvare
746 2602 770 2630 ς
867 2590 1030 2625 16.hunc
1053 2604 1107 2625 om
1147 2601 1163 2624 ε
1210 2588 1212 2591 ’
1242 2594 1290 2626 18.
1311 2591 1440 2639 (Νι-πω]
1483 2592 1606 2626 dicant
1640 2590 1726 2624 bed

290 2637 378 2682 efg
396 2637 418 2668 Ιι
437 2639 449 2669 ι’
466 2638 486 2671 l<
507 2639 520 2671 l
542 2650 566 2670 η
590 2650 609 2671 ο
629 2650 652 2670 υ
672 2641 692 2680 β
709 2637 824 2680 ydor
966 2651 1020 2674 20.
1048 2639 1168 2684 aliquo
1194 2639 1289 2683 gravi
1314 2639 1384 2672 AB
1430 2650 1477 2685 gr.
1507 2639 1724 2685 aliquo.R0

290 2685 503 2729 comperisse
529 2696 593 2718 om.
621 2683 921 2730 bcdsghiklm
935 2696 1032 2718 nov
