1846 3178
324 182 414 235 ²70
873 164 1202 207 ΑυΝοΤΑΤιο

318 268 571 339 'acquiescere
596 298 680 327 non
707 285 863 340 potuit3
892 300 945 326 ue
973 288 1016 328 in
1043 302 1235 342 suspenso
1260 294 1462 330 teneretur
1476 300 1572 329 vera
1588 293 1751 331 senteu-

317 357 400 408 tia,
436 357 581 398 solutio
620 358 735 399 fictae
770 356 1015 398 difficultatis
1054 358 1275 399 necessaria
1318 366 1429 412 erat3
1463 374 1596 414 neque
1620 359 1752 414 aptior

317 426 401 468 ulla
449 431 615 483 cogitari
654 435 783 483 potest
799 459 809 478 ,
861 443 983 483 quam
1029 443 1132 483 quae
1167 427 1355 470 damnato
1393 430 1463 470 illo
1491 446 1515 471 a
1552 431 1752 487 plerisque

318 499 593 541 additamento
608 528 622 550 ,
651 500 760 554 quod
789 502 1034 554 optimorum
1065 501 1249 542 codicum
1278 509 1506 543 nostrorum
1533 504 1752 544 auctorita-

315 576 398 610 tem
426 584 534 609 nunc
562 572 656 610 satis
683 577 817 611 tutum
848 573 1131 626 praestituram
1151 586 1236 612 esse
1261 587 1478 626 speramus,
1511 574 1751 615 continetur.

314 641 423 681 Nam
449 641 557 696 quod
585 656 632 681 ea
655 656 789 694 causa,
817 657 920 697 quae
946 644 1064 683 unice
1091 658 1187 684 vera
1213 650 1285 694 est,
1316 650 1356 683 et
1383 657 1576 698 magnum
1611 645 1754 686 discri-

314 726 407 754 men
421 743 434 762 ,
463 712 570 766 quod
601 715 706 754 inter
733 715 908 755 medicos
936 723 975 755 et
1001 723 1192 770 patronos
1220 715 1427 755 intercedit
1442 745 1454 766 ,
1492 729 1586 764 cum
1621 718 1754 772 specie

314 782 576 825 dubitationis
616 786 818 839 profertur
843 788 943 836 (nisi
962 789 1112 840 forte),
1142 786 1223 827 hoc
1260 786 1415 842 egregie
1451 786 1566 827 fictae
1590 802 1754 842 praece-

314 855 495 898 dentium
532 858 716 912 gravitati
767 860 968 899 convenit.
1048 859 1228 902 Similem
1272 859 1561 900 sententiarum
1606 858 1754 900 nexum

313 924 509 968 habemus
547 945 622 984 pro
663 931 849 972 Caecina.
893 948 931 972 e.
965 946 999 972 1.
1031 946 1088 973 2:
1124 933 1226 972 mihi
1258 933 1417 990 quidem
1454 945 1572 987 quam
1609 932 1755 973 audax

307 1001 524 1055 praecipue
551 1003 686 1054 ficisse
729 1004 888 1042 videtur
915 1004 1109 1045 Aebutius
1130 1034 1141 1053 ‚
1173 1013 1252 1043 tum
1281 1004 1487 1060 impudens
1523 1004 1565 1043 in
1606 1002 1754 1046 iudicio

313 1089 367 1099 --
398 1085 409 1109 :
466 1072 547 1111 nisi
571 1074 691 1125 jbrte
718 1074 790 1112 lzoc
829 1075 994 1114 rationis
1038 1074 1198 1122 habuit,
1241 1075 1432 1129 quoniam
1469 1089 1581 1130 seqq.
1648 1074 1754 1114 Nam

313 1141 435 1179 etiam
473 1143 515 1181 h.
549 1142 576 1182 l.
607 1158 729 1198 quam
770 1159 909 1184 veram
943 1144 1109 1185 Aebutii
1142 1159 1303 1185 causam
1340 1147 1507 1186 actionis
1537 1159 1622 1186 esse
1649 1145 1753 1198 vult,

314 1227 402 1252 eam
430 1214 544 1266 quasi
571 1213 800 1254 dubitanter
831 1216 1027 1269 exprimit.
1058 1238 1113 1247 --
1160 1217 1209 1255 In
1237 1224 1373 1258 nostra
1400 1217 1565 1270 quidem
1592 1224 1754 1257 senten·-

312 1283 370 1322 tia
408 1284 552 1337 prioris
590 1286 715 1338 partis
742 1286 982 1333 ‘irrisionem
1022 1293 1104 1325 tam
1132 1293 1238 1326 recte
1265 1287 1462 1340 perspexit
1492 1294 1532 1327 et
1567 1287 1755 1341 explicuit

307 1355 582 1407 Gamtonius,
613 1363 659 1395 ut
695 1358 851 1396 mireris
868 1387 879 1406 ‚
925 1357 1056 1396 virum
1084 1357 1379 1410 sagacissimum
1408 1371 1491 1397 non
1519 1359 1561 1397 in
1589 1357 1754 1412 reliquis

312 1440 474 1480 quoque
503 1428 664 1467 Graevii
691 1430 967 1468 auctoritatem
987 1457 999 1479 ‚
1024 1428 1090 1466 cui
1119 1422 1236 1481 saepe
1262 1428 1430 1467 nimium
1457 1428 1651 1482 indulget,
1681 1429 1753 1469 de-

312 1512 444 1538 serere
490 1513 631 1538 ausum
670 1514 779 1550 esse,
829 1499 899 1539 sed
926 1501 968 1538 in
998 1499 1250 1539 dubitatione
1285 1513 1522 1553 suspensum
1552 1499 1746 1543 haesisse:

312 1568 429 1608 video
457 1570 553 1608 llaec
581 1571 675 1610 satis
686 1569 832 1626 firma
857 1569 1090 1609 existimari
1120 1583 1200 1611 non
1237 1583 1375 1624 posse.-
1415 1569 1487 1609 sed
1509 1571 1753 1612 conclamata

313 1654 392 1681 non
420 1641 612 1681 arbitror.

424 1726 487 1755 20.
524 1722 590 1765 at,
626 1728 868 1770 quamquam
894 1736 948 1744 —
978 1735 1034 1744 —·
1069 1710 1290 1767 videretur]
1355 1711 1491 1752 Etiam
1528 1711 1572 1752 h.
1607 1711 1639 1752 l.
1679 1711 1756 1754 soli

312 1783 432 1829 codd.
461 1783 501 1824 Α
530 1792 570 1823 et
597 1785 628 1824 B
656 1786 829 1838 priscam
856 1786 1095 1838 scripturam
1125 1790 1362 1834 servarunt,
1411 1784 1444 1823 si
1481 1783 1642 1839 quidem
1669 1784 1754 1838 pri-

312 1871 380 1897 sca
407 1864 514 1896 certe
541 1856 728 1896 habenda
756 1865 841 1906 est,
871 1872 994 1912 quam
1023 1859 1140 1897 unice
1168 1870 1306 1896 sensus
1333 1855 1468 1903 ferat*
1514 1855 1614 1901 Nam
1645 1854 1754 1909 quod

311 1928 434 1983 vulgo
463 1929 620 1973 editur:
668 1930 741 1972 hoc
777 1942 1015 1984 quamquam
1059 1927 1197 1966 sedulo
1208 1925 1404 1979 faciebat
1428 1932 1563 1980 aperte
1589 1925 1753 1980 Cepasio

311 2000 525 2041 consilium
546 2001 730 2040 attribuit
750 2014 858 2040 nova
874 1999 1043 2039 vulnera
1057 1998 1245 2037 Fabricio
1259 1996 1448 2048 addendi,
1468 1996 1594 2051 quod,
1614 2010 1755 2051 quam-

310 2073 374 2113 vis
402 2071 608 2125 improbus
653 2071 773 2110 fuerit
816 2078 854 2109 et
882 2071 1062 2124 perditus
1076 2099 1089 2121 ‚
1134 2076 1270 2109 tamen
1298 2068 1462 2122 cogitari
1500 2082 1583 2108 non
1610 2075 1752 2122 potest.

308 2144 390 2184 Sed
415 2144 525 2183 haud
553 2144 675 2183 dubie
701 2143 802 2183 illud
829 2146 919 2195 hoc,
948 2142 1057 2198 quod
1085 2156 1245 2182 sensum
1271 2141 1425 2193 turbat,
1453 2142 1548 2195 quia
1579 2139 1630 2179 ad
1660 2138 1752 2179 vul-

309 2229 408 2261 nera
443 2215 580 2254 add1ta
619 2229 693 2254 nos
730 2215 925 2272 respicere
955 2214 1072 2266 cogit,
1098 2227 1123 2252 a
1150 2218 1375 2252 correctore
1403 2210 1579 2266 quodam
1597 2207 1752 2248 illatum

311 2295 390 2336 est,
446 2287 516 2341 qui
559 2285 779 2340 elegantem
818 2300 937 2325 usum
974 2285 1193 2324 verborum
1237 2284 1371 2323 sedulo
1397 2284 1544 2335 facere
1570 2280 1752 2321 absolute

307 2360 532 2414 positorum
563 2366 812 2413 compertum
839 2372 919 2397 non
948 2357 1137 2406 habebat,
1156 2371 1239 2410 quo
1268 2356 1417 2395 bonam
1444 2354 1563 2394 fidem
1589 2361 1629 2393 et
1655 2367 1754 2407 ope·-

308 2446 398 2473 ram
435 2433 673 2486 cuicumque
700 2432 774 2477 ¹rei
813 2433 1034 2484 impensam
1073 2431 1329 2483 exprimunt:
1364 2428 1434 2468 cfr.
1467 2425 1516 2465 de
1542 2425 1639 2466 Fin.
1671 2425 1749 2468 Ill.

307 2518 347 2543 c.
376 2501 525 2555 416:
555 2503 718 2554 Sedulo,
745 2501 924 2558 inquam,
942 2502 1131 2554 faciam,
1161 2500 1232 2539 sed
1248 2500 1421 2552 sbrtuna
1440 2498 1582 2550 Jbrtis.
1650 2497 1749 2536 Ter.

307 2572 419 2614 Eun.
459 2575 515 2614 ΙΙ.
559 2574 599 2614 5.
636 2589 712 2629 71:
763 2574 933 2614 Faciam
980 2573 1138 2621 sedulo,
1173 2571 1276 2610 dabo
1322 2582 1508 2625 operam,
1553 2568 1751 2608 adiutabo.

310 2644 488 2699 Adelph.
540 2646 616 2691 III.
649 2646 687 2685 5.
718 2644 796 2700 59:
820 2645 883 2706 χή
908 2645 1066 2684 sedulo.-
1096 2643 1199 2684 nihil
1217 2642 1506 2698 praetermitto.
1563 2639 1750 2680 Eundem

310 2715 432 2772 igitur
472 2730 590 2758 usum
628 2724 763 2757 nostro
802 2716 888 2757 loeo
928 2716 1155 2761 restitutum
1199 2712 1420 2766 habemus,
1465 2713 1520 2755 ita
1548 2718 1595 2755 ut
1628 2722 1752 2751 nexus
