1846 3178
303 150 396 209 204
848 144 1170 185 ADNOTATm

301 272 435 319 aperte
481 264 706 305 Cluentium
751 264 835 304 salsi
882 266 1056 306 criminis
1088 267 1319 307 >insimulare
1366 266 1568 306 audebat?
1629 267 1724 318 Quo

302 335 471 375 consilio
502 337 799 377 incommodum
830 337 937 376 istud
958 337 1477 378 additamentuminsertum
1502 338 1552 377 sit
1567 366 1579 388 ,
1602 337 1730 392 probe

299 405 559 460 intelligitur:
588 420 681 446 nam
705 407 846 445 lacuna
875 406 1071 460 quaedam
1104 406 1345 446 intercedere
1381 407 1591 447 videbatur
1625 409 1731 448 inter

300 477 442 515 iterata
470 476 568 516 haec
595 476 711 515 simili
746 477 826 516 fere
870 478 1063 517 sententia
1098 478 1321 517 enuntiata:
1370 480 1503 518 «hadas
1537 478 1646 518 domi
1673 486 1732 518 est

302 555 469 585 mortuus
482 563 497 580 n
509 576 521 595 ,
549 552 611 592 et,
658 547 893 586 «intestatum
925 547 1014 586 dico
1044 561 1121 585 esse
1163 555 1404 586 mortuumn.
1459 549 1592 599 Quam
1623 561 1730 602 repe

300 617 482 656 titionem
514 622 647 654 tamen
677 618 847 656 oratorie
874 619 967 656 satis
994 625 1087 670 apte
1115 617 1300 671 explicari
1326 630 1440 670 posse
1462 625 1583 671 puto:
1635 631 1730 658 uam

305 693 352 724 ut
384 687 557 739 primum
588 684 688 724 illud
708 685 884 725 dixerat:
923 695 1091 725 mortuus
1107 696 1186 737 est3
1218 685 1358 726 altiore
1391 700 1510 736 voce,
1557 689 1726 741 repetito

303 755 483 795 consulto
518 755 655 795 eodem
684 755 824 808 verbo,
857 771 960 810 quae
997 763 1218 810 sequuntur
1238 758 1514 811 pronuntiasse
1532 757 1732 812 putandus

304 833 363 866 est
378 841 390 865 ε
432 827 649 865 intestatum
688 827 776 866 dico
816 842 894 867 esse
927 837 1143 867 mortuum:
1200 828 1346 882 quibus
1376 830 1507 869 omnis
1543 827 1735 874 avaritiae

303 898 472 950 suspicio
501 896 676 936 funditus
707 897 889 937 tollitur:
933 899 965 937 si
994 897 1100 936 enim
1125 896 1333 938 Cluentius
1362 900 1446 938 eius
1470 897 1732 951 hereditate-m

305 974 517 1021 captasset,
555 967 721 1006 Vibium
753 968 805 1007 ad
829 975 1108 1008 testamentum
1132 968 1356 1009 faciendum
1381 969 1588 1024 adegisset.

419 1069 510 1104 120,
543 1068 609 1094 21.
641 1054 747 1110 quod
765 1056 902 1096 oderat
926 1055 1093 1096 Habitus
1118 1055 1335 1111 inimicum]
1357 1058 1508 1097 Rursus
1531 1058 1598 1098 hic
1621 1057 1735 1098 locus

307 1122 551 1163 demonstrat
568 1153 579 1174 ‚
604 1125 712 1177 quod
745 1127 824 1164 iam
859 1139 903 1164 ex
928 1125 1062 1164 multis
1092 1126 1318 1179 apparebat,
1339 1128 1594 1180 Lambinum,
1621 1142 1735 1169 sum-

306 1208 417 1233 mum
446 1196 601 1243 virum,
636 1197 833 1235 rarissime
866 1197 908 1235 in
942 1197 1129 1237 Cicerone
1157 1213 1227 1237 suo
1254 1201 1338 1238 sine
1372 1199 1564 1239 librorum
1594 1205 1734 1239 aueto-

306 1265 424 1304 ritate
448 1265 598 1320 aliquid
624 1274 816 1308 mutasse:
857 1283 951 1307 nam
981 1268 1089 1321 quod
1112 1268 1154 1307 h.
1181 1268 1207 1308 l.
1231 1270 1351 1307 tacite
1379 1277 1579 1323 receperat
1602 1271 1732 1324 quod-

307 1349 384 1388 que
427 1350 552 1388 paene
598 1340 860 1377 necessarium
905 1338 1090 1389 videtur,
1147 1352 1291 1377 nomen
1335 1341 1561 1391 inimicum,
1621 1341 1735 1381 cuius

313 1408 428 1460 origo
454 1407 585 1448 adhuc
620 1416 796 1462 suspecta
831 1424 912 1449 esse
940 1410 1069 1463 potuit
1085 1439 1097 1462 ,
1151 1424 1258 1450 nunc
1291 1412 1632 1464 praestantissimis
1659 1425 1734 1452 no-

311 1479 404 1517 stris
435 1479 635 1519 codicibus
664 1481 857 1521 firmatur.

422 1578 513 1614 121,
547 1565 587 1616 4
622 1567 662 1610 5.
697 1568 809 1606 adire
838 1589 890 1598 --
919 1568 1135 1623 adspicere]
1163 1567 1387 1608 Verborum
1405 1569 1548 1608 horum
1563 1567 1734 1611 alterum

307 1638 392 1677 sine
432 1637 632 1677 codicibus
648 1669 658 1689 ‚
713 1639 780 1680 sed
816 1640 950 1681 multis
989 1641 1206 1680 editoribus
1245 1641 1524 1695 praceuntibus
1572 1643 1732 1696 recepi,

308 1723 433 1762 quum
465 1708 556 1748 libri
581 1711 714 1764 scripti
736 1709 787 1749 ad
816 1724 940 1748 unum
972 1724 1108 1749 omnes
1135 1710 1272 1748 audire
1295 1709 1527 1750 exhibeant:
1565 1711 1735 1752 alterum

307 1779 544 1835 (adspicere)
572 1796 652 1821 non
685 1783 815 1821 minus
847 1788 935 1820 tuto
971 1796 1015 1820 ex
1049 1783 1206 1834 optimis
1241 1781 1397 1820 duobus
1431 1782 1548 1822 codd.
1582 1790 1622 1823 et
1652 1797 1737 1823 uuo

311 1852 509 1890 Lambino
543 1853 666 1891 duce:
711 1866 803 1891 nam
840 1854 893 1891 sic
925 1851 1084 1890 demum
1121 1851 1266 1903 gradus
1295 1852 1375 1890 odii
1409 1859 1448 1891 et
1486 1859 1736 1906 contemptus

310 1923 497 1962 continua
532 1924 632 1962 serie
665 1923 923 1962 indicantur:
963 1922 1071 1961 domi
1104 1937 1196 1961 suae
1231 1922 1404 1976 aliquem
1438 1920 1517 1963 non
1547 1924 1735 1977 recipere,

309 2009 391 2034 non
422 1995 530 2034 adire
565 1995 727 2033 domum
758 1995 866 2043 eius,
919 2009 1010 2033 eum
1050 2008 1131 2034 non
1164 1995 1338 2048 alloqui,
1387 1993 1558 2047 denique
1586 2008 1638 2034 ne
1662 1994 1737 2034 ad-

311 2067 461 2119 spicere
484 2065 670 2120 quidem3
702 2068 889 2120 respicere
915 2080 1157 2120 quamquam
1191 2068 1231 2105 in
1264 2066 1380 2119 longe
1405 2065 1602 2119 plerisque
1623 2065 1739 2105 MSS.

310 2136 479 2189 legitur,
527 2145 566 2176 et
609 2151 852 2190 quamquam
892 2138 969 2178 alte
1019 2145 1156 2176 contra
1202 2136 1470 2186 Lambinum,
1524 2142 1737 2176 novantem

312 2206 457 2246 scilicet
478 2238 488 2256 ,
525 2207 668 2247 clamat
696 2210 913 2257 Gruterus,
954 2208 1071 2262 plane
1095 2209 1211 2248 huius
1232 2207 1309 2247 loci
1338 2222 1418 2247 non
1444 2213 1514 2248 est.

428 2319 526 2356 122,
572 2304 632 2357 14.
674 2307 789 2345 latius
821 2309 952 2360 potuit
994 2305 1109 2359 cett.]
1167 2305 1309 2344 Nescio
1352 2317 1433 2357 quo
1469 2302 1610 2343 infesto
1645 2302 1738 2342 odio

311 2375 355 2414 h.
385 2375 412 2418 l.
446 2390 581 2415 omnes
616 2378 696 2416 fere
735 2379 967 2430 interpretes
1003 2377 1239 2429 scripturam
1264 2375 1443 2415 omnium
1477 2373 1592 2416 codd.
1622 2373 1738 2413 latius

314 2447 545 2498 persequuti
583 2447 683 2485 sint:
722 2461 823 2499 quae
855 2447 952 2484 mihi
980 2454 1061 2484 tam
1087 2445 1213 2498 proba
1241 2452 1280 2484 et
1314 2452 1422 2484 certa
1452 2458 1534 2484 esse
1564 2443 1739 2494 videtur,

313 2523 358 2553 ut
383 2518 450 2568 qui
481 2531 591 2556 secus
620 2518 882 2557 iudicaverint
912 2522 1165 2570 (quamquam
1189 2518 1272 2570 ipse
1297 2516 1513 2556 Lambinus
1542 2515 1643 2554 inter
1672 2529 1740 2554 eos

314 2588 597 2640 conspicitur),
646 2604 710 2628 eos
758 2590 877 2628 huius
915 2589 989 2628 loci
1029 2590 1222 2628 rationem
1257 2603 1336 2629 non
1374 2589 1467 2627 satis
1502 2587 1741 2641 perspexisse

315 2658 453 2701 dicam.
507 2660 609 2699 Nam
639 2660 747 2702 haud
776 2661 894 2701 dubie
920 2660 977 2700 illi
1012 2674 1160 2710 omncs,
1198 2661 1264 2714 qui
1291 2660 1466 2702 latentius
1495 2663 1741 2713 receperunt,
