1846 3178
326 195 344 227 ι
353 181 414 239 40
927 174 1141 215 onA'rio

317 307 395 346 ter
437 295 655 349 formam
696 298 830 350 nihil
887 297 952 346 ad
994 298 1380 350 similitudinem
1421 297 1642 348 hominis
1668 313 1747 347 ree*

214 403 295 430 200
320 394 547 430 servaret.
617 380 814 443 Quare,
849 378 1061 438 iudices,
1094 380 1134 428 si
1181 380 1336 429 scelus
1379 380 1575 439 odistis,
1631 396 1746 448 pro-

200 1538 276 1568 201

315 462 486 512 hibete
535 462 733 511 aditum
778 462 952 510 matris
999 480 1027 510 a
1074 461 1167 510 filii
1200 462 1467 529 sanguine:
1509 461 1622 517 date
1658 479 1746 530 pa-

314 545 449 593 renti
503 544 642 592 hunc
684 542 1036 592 incredibilem
1083 542 1308 591 dolorem
1354 561 1413 591 ex
1454 545 1639 598 salute,
1685 559 1747 590 ex

313 626 520 676 victoria
565 625 807 673 liberum:
855 624 1118 693 patimini,
1161 637 1403 684 matrem,
1457 642 1522 674 ne
1559 624 1770 674 ‹orbata5

313 707 420 756 filio
472 708 712 764 laetetur,
757 707 938 756 victam
988 707 1156 776 potius
1188 719 1347 757 vestra
1382 707 1637 776 aequitate
1670 706 1748 756 di-

313 789 524 840 scedere.
592 791 681 839 Sin
735 800 926 847 autem,
977 789 1032 838 id
1078 788 1219 858 quod
1249 802 1409 838 vestra
1441 803 1624 839 natura
1656 807 1747 859 po-

310 858 483 930 stulat,
517 870 779 941 pudorem,
827 872 1102 929 veritatem,
1138 870 1481 938 virtutemque
1514 869 1742 938 diligitis:

311 953 471 1004 levate
505 953 647 1003 huno
679 953 957 1022 aliquando
990 954 1271 1022 supplicem
1316 965 1563 1012 vestrum,
1615 951 1747 1000 iudi-

311 1052 420 1094 ces,
479 1047 554 1085 tot
596 1053 756 1084 annos
790 1036 846 1085 in
878 1035 999 1084 falsa
1043 1034 1234 1083 invidia
1267 1035 1609 1104 periculisque
1638 1046 1801 1083 ver-¹⁰

310 1129 500 1175 satum,
538 1117 631 1184 qui
678 1135 819 1166 nunc
866 1117 1094 1186 primum
1126 1129 1238 1186 post
1273 1118 1416 1167 illam
1470 1117 1742 1180 flammam,

309 1199 531 1246 aliorum
564 1199 696 1247 facto
729 1210 783 1247 et
816 1197 1094 1267 cupiditate
1129 1199 1406 1258 excitatam,
1433 1216 1519 1268 spe
1551 1211 1740 1248 vestrae

314 1279 584 1346 aequitatis
629 1279 820 1345 erigere
870 1279 1101 1328 animum
1146 1292 1196 1328 et
1238 1281 1452 1348 paulum
1498 1281 1744 1348 respirare

310 1377 339 1408 a
373 1373 514 1408 metu
547 1360 740 1428 coepit:
786 1359 871 1408 cui
919 1361 1079 1429 posita
1124 1373 1244 1410 sunt
1278 1361 1334 1409 in
1365 1361 1504 1410 vobis
1537 1362 1708 1410 omnia
1729 1379 1744 1408 ε

306 1459 465 1513 quem
522 1454 775 1492 servatum
826 1459 925 1490 esse
981 1442 1196 1511 plurimi
1251 1442 1492 1510 cupiunt,
1549 1450 1795 1492 servare15

309 1525 401 1573 soli
447 1541 532 1573 vos
582 1523 801 1593 potestis.
884 1524 1011 1572 Orat
1052 1541 1136 1572 vos
1169 1523 1409 1582 Habitus,
1446 1521 1656 1583 iudiceS,
1690 1535 1741 1573 et

306 1606 432 1654 flens
478 1606 716 1664 obsecrat,
766 1623 831 1654 ne
872 1605 1216 1663 se·invidiae‚
1267 1622 1399 1672 quae
1447 1605 1503 1654 in
1539 1604 1741 1655 iudiciis

311 1689 477 1736 valere
510 1705 617 1736 non
650 1686 822 1744 debet,
857 1704 921 1735 ne
956 1687 1135 1745 matri,
1171 1685 1314 1734 cuius
1344 1698 1458 1734 vota
1491 1699 1541 1735 et
1574 1703 1740 1754 preces

306 1788 335 1819 a
368 1770 540 1819 vestris
585 1769 840 1818 mentibus
885 1767 1155 1836 repudiare
1202 1767 1419 1824 debetis,
1453 1785 1518 1816 ne
1550 1767 1739 1836 Oppia-

303 1853 436 1910 nico,
470 1852 670 1902 homini
704 1851 912 1905 nefario,
940 1849 1273 1898 condemnato
1309 1849 1411 1896 iam
1443 1861 1494 1898 et
1525 1862 1797 1908 mortuom»

308 1933 615 1983 condonetis.
697 1932 894 1996 Quodsi
940 1951 1042 2000 qua
1089 1932 1346 1980 calamitas
1378 1930 1519 1979 hunc
1553 1930 1608 1979 in
1644 1929 1741 1978 hoc

308 2016 500 2066 iudicio
534 2015 767 2064 afflixerit
793 2015 1139 2064 innocentem:
1175 2033 1269 2066 nae
1304 2014 1393 2064 iste
1425 2014 1574 2063 miser
1603 2009 1742 2075 sihid

423 2248 458 2272 1.
492 2234 705 2279 reservarit
839 2232 879 2272 8.
913 2232 1123 2286 pudorem,
1151 2233 1371 2279 bonitatem
1507 2244 1572 2272 22.
1602 2230 1735 2280 miser,

417 2287 566 2328 iudices
584 2319 594 2336 ‚
626 2291 659 2327 si

399 2496 428 2518 ι.
454 2486 652 2516 reservaret
675 2483 953 2517 ABor-stuvoe
1001 2481 1191 2514 reservarit
1216 2481 1246 2515 R
1268 2480 1367 2525 vulg.
1493 2488 1526 2511 α.
1550 2474 1740 2520 prohibito

303 2531 534 2575 ABacgru
672 2531 692 2563 3
728 2529 871 2575 parenti
897 2539 965 2563 om.
986 2530 1016 2563 B
1159 2527 1191 2561 5.
1216 2525 1405 2572 patiamini
1430 2536 1490 2570 μν
1616 2525 1648 2557 8.
1674 2534 1738 2554 ve-

304 2578 447 2613 ritatem
481 2576 582 2617 ABIJ
760 2575 960 2608 bonitatem
985 2574 1057 2609 ΗΟ
1242 2583 1291 2607 12.
1328 2572 1441 2615 sacto]
1477 2568 1602 2604 fraude
1641 2570 1734 2604 coni.

303 2623 397 2660 Ern.
447 2623 604 2656 facinore
631 2634 649 2655 t
797 2634 850 2656 21,
880 2619 1127 2653 condemnetis
1159 2619 1261 2654 ahm
1416 2631 1469 2659 22.
1494 2617 1625 2657 miset,
1650 2615 1682 2654 εἰ
1706 2618 1740 2652 A

304 2669 553 2707 Bal-stava
600 2669 720 2711 miser,
745 2667 894 2717 iudices,
927 2669 955 2701 si
981 2668 1009 2702 R
1032 2666 1129 2711 vulg.
