1846 3178
586 181 697 221 PRo
732 179 782 224 A.
812 179 1113 220 eLUENTm.
1482 202 1497 231 ι
1515 202 1530 231 1
1544 201 1567 248 7

132 303 299 356 dicore
330 303 477 355 nobis
507 317 580 354 est
614 321 819 355 necesse.
885 304 935 355 Si
973 301 1291 359 invitaverit,
1331 300 1384 349 id
1429 302 1570 369 quod

129 387 275 445 solet,
309 385 380 436 sic
412 384 672 436 hominem
719 386 1054 455 accipiemus„
1099 397 1160 435 ut
1193 385 1397 435 moleste
1439 384 1571 434 ferat

127 483 180 518 se
225 465 289 516 de
332 468 412 518 via
455 467 723 519 decessisse.
803 469 1032 528 Habetis,
1077 467 1292 524 iudices,
1339 483 1471 534 quae
1505 466 1562 515 in
1596 465 1672 519 ¹64

129 560 286 599 totam
331 550 487 601 vitam
533 551 596 601 de
635 552 863 602 moribus
912 555 968 601 A.
1014 550 1266 609 Cluentii,
1299 567 1454 618 quem
1488 548 1568 598 illi

101 630 437 687 sinvidiosum
470 652 616 684 reum
650 636 831 685 volunt
863 652 975 695 esse,
995 652 1154 682 annos
1187 646 1299 682 octo
1333 629 1567 680 meditati

124 727 433 765 accusatores
464 717 788 785 collegerunt.
846 717 1017 780 Quam
1050 716 1176 764 levia
1212 732 1392 782 genere
1427 714 1564 782 ipso!

123 812 281 863 quam
314 797 439 847 falsa
474 801 555 847 re!
590 817 746 866 quam
769 798 938 847 brevia
963 799 1228 866 responsu!
1265 796 1558 863 Cognoscite
1592 797 1658 847 60

128 895 272 927 nunc
304 878 371 939 id,
407 879 547 948 quod
580 880 644 928 ad
677 894 897 930 vestrum
933 877 1289 928 iusiurandum
1326 878 1564 946 pertinet,

125 959 269 1027 quod
309 962 458 1011 vestri
505 962 684 1012 iudicii
718 976 812 1020 est,
849 961 991 1031 quod
1022 960 1163 1010 vobis
1198 961 1365 1010 oneris
1399 960 1561 1029 impo-

72 1042 225 1092 nosuit
265 1059 323 1092 ea
370 1043 478 1103 lex,
529 1063 632 1111 qua
667 1044 829 1094 coacti
865 1043 969 1093 huc
1002 1042 1329 1098 convenistis,
1367 1041 1430 1090 de
1465 1042 1561 1090 cri-

117 1123 344 1174 minibus
376 1125 580 1174 veneni:
615 1138 676 1174 ut
711 1143 883 1175 omnes
917 1125 1220 1193 intelligant,
1246 1141 1402 1191 quam
1437 1142 1563 1192 pau-

109 1204 191 1254 cis-
216 1206 380 1257 verbis
414 1206 540 1256 haec
585 1226 732 1258 causa
767 1207 996 1276 perorari
1031 1205 1283 1276 potuerit,
1320 1218 1370 1254 et
1403 1223 1562 1272 quam

113 1287 277 1337 multa
310 1307 339 1337 a
375 1306 455 1338 me
498 1288 633 1339 dicta
675 1291 802 1347 sint,
850 1306 982 1357 quae
1021 1287 1086 1337 ad
1131 1287 1285 1337 huius
1328 1288 1560 1336 volunta-

117 1379 218 1418 tem
261 1371 500 1431 maxime,
547 1371 612 1420 ad
658 1385 879 1421 vestrum
913 1370 1164 1420 iudicium
1200 1371 1412 1421 minime
1445 1387 1558 1439 per-

63 1462 354 1506 15t1nerent.
839 1496 843 1499 .

242 1534 515 1584 Obiectum
565 1548 664 1595 est,
711 1535 928 1585 Vibium
975 1534 1325 1605 Cappadocem
1359 1535 1426 1583 ab
1460 1534 1558 1584 hoc
1596 1547 1670 1590 165

109 1615 166 1665 A.
192 1616 428 1666 Cluentio
449 1634 641 1666 veneno
673 1635 772 1666 esse
787 1616 1059 1665 sublatum.
1090 1616 1396 1685 Opportune
1418 1615 1557 1666 adest

45 1733 50 1739 -
108 1698 262 1748 homo
302 1716 498 1748 summa
546 1699 645 1748 fide
685 1713 736 1749 et
769 1699 909 1749 omni
945 1699 1134 1748 virtute
1171 1696 1465 1767 praeditus,
1499 1700 1554 1747 L.

107 1780 408 1840 Plaetorius,
457 1783 695 1840 Senator,
741 1782 833 1848 qui
886 1780 1024 1828 illius
1059 1780 1203 1829 Vibii
1239 1779 1417 1848 hospes
1449 1779 1554 1829 fuit

52 1877 158 1914 ποθι
197 1864 478 1914 familiaris.
543 1863 697 1932 Apud
746 1864 887 1912 hunc
934 1863 1019 1910 ille
1065 1864 1251 1912 Romae
1286 1862 1553 1921 habitavit,

106 1945 248 2016 apud
290 1946 432 1995 hunc
475 1945 778 2013 aegrotavit,
829 1945 984 1994 huius
1019 1944 1157 1994 domi
1191 1956 1263 1993 est
1299 1957 1546 1994 mortuus.

102 2032 191 2085 [At
239 2028 384 2079 heres
430 2042 502 2078 est
549 2029 851 2084 Cluentius]
928 2032 1233 2079 Intestatum
1277 2027 1391 2076 dico
1447 2045 1546 2078 esse

215 2138 278 2179 16.
310 2137 362 2178 C.
392 2138 558 2177 Vibium
588 2138 786 2191 Capacem
875 2175 878 2185 ,
959 2152 1021 2192 19.
1069 2136 1175 2176 illius
1205 2137 1371 2191 Capacis
1400 2138 1545 2192 hospes

195 2275 224 2298 1.
249 2273 395 2297 necesse
421 2268 475 2297 est
500 2276 523 2311 q
688 2263 718 2296 3.
748 2260 953 2294 discessisse
991 2273 1016 2294 η
1032 2262 1161 2306 αυλμ
1260 2259 1450 2295 recessisse
1474 2270 1542 2292 woe

99 2310 134 2355 4.
155 2310 264 2344 vitam
311 2323 452 2344 causam
478 2310 537 2344 Bb
564 2314 700 2352 (corr)
772 2308 816 2340 de
842 2307 1018 2355 moribus]
1047 2313 1084 2340 et
1108 2318 1222 2341 mores
1251 2308 1269 2345 ξ
1396 2307 1417 2341 5
1463 2317 1541 2339 esse

97 2367 198 2391 teum
222 2369 266 2391 vo
286 2364 351 2392 unt
377 2358 447 2392 AB
586 2370 613 2402 7.
646 2365 816 2399 responso
841 2356 911 2389 AB
978 2365 1147 2400 responsa
1174 2353 1540 2400 bcdefghiklmq

95 2403 228 2445 woed'ss'
350 2406 399 2439 16.
428 2405 574 2438 Vibium
600 2404 669 2438 AB
739 2402 888 2435 Jubium
905 2401 997 2449 fgh
1081 2402 1118 2436 C.
1150 2400 1298 2435 Vibium
1322 2401 1393 2435 Ro
1447 2400 1541 2445 Cap-

41 2482 53 2496 x
94 2450 268 2496 padocem
294 2451 390 2486 ABb
418 2455 552 2494 (carry
633 2451 842 2495 Cauponem
871 2453 995 2497 ᾳαβγ
1024 2449 1115 2490 ἐζη
1207 2448 1382 2493 Capacem
1407 2447 1498 2480 Rea
1515 2457 1538 2479 κ

97 2498 195 2543 λμν
217 2511 317 2547 seqq.
416 2500 506 2543 17,A
531 2510 600 2532 om.
630 2507 682 2530 αε
782 2508 828 2541 ¹9·
858 2496 1038 2529 Pretorius
1063 2494 1261 2541 ABshim
1358 2493 1535 2528 meterius

96 2542 251 2592 δζκμν
388 2545 489 2579 Vibii
513 2546 584 2579 AB
666 2544 799 2588 capaci
826 2541 1213 2589 dsgiklprstuvx
1354 2539 1536 2584 Capadoci

96 2603 118 2625 ο
242 2593 412 2637 cauponis
438 2591 581 2641 ςργδε
596 2592 643 2633 ζη
739 2591 867 2634 Capaci
896 2590 1054 2623 hominis
1073 2602 1106 2622 m
1203 2588 1352 2631 Capacis
1375 2588 1406 2621 R
1431 2588 1529 2632 vulg.

93 2649 148 2672 22.
175 2644 212 2673 nt
233 2637 336 2673 heres
360 2645 415 2674 est
442 2640 654 2673 Cluentius:
679 2637 768 2670 haec
801 2636 908 2670 ‘verba
945 2648 1011 2670 om.
1048 2634 1532 2680 ABcdeghiklmxydc

93 2683 144 2732 at]
174 2691 238 2719 aut
261 2689 561 2732 aopi-stava&
630 2684 725 2718 haud
753 2685 967 2729 εηθικλμ
994 2695 1059 2716 om.
1088 2682 1164 2728 ῥίς
1211 2684 1267 2722 fist
1288 2682 1441 2727 primum
1465 2694 1535 2730 ap-

92 2741 198 2780 paret
228 2734 269 2767 in
294 2744 329 2774 r,
356 2745 429 2767 non
453 2734 493 2767 in
518 2733 551 2774 ξ,
577 2731 676 2781 quod
697 2731 824 2766 dicunt
855 2731 1079 2765 Gan-«contus
1107 2738 1139 2764 et
1171 2729 1346 2769 Oramus)
