1846 3178
333 234 350 264 ι
368 220 422 266 18
929 215 1139 256 ORATIO

324 349 596 397 mortuum,
614 336 1062 406 possessionemque
1096 338 1201 390 eius
1221 338 1486 394 bonorum,
1506 353 1564 384 ex
1580 333 1744 392 edictu

323 418 595 474 Praetoris,
639 419 759 466 huic
784 457 795 477 ‚
859 419 997 467 illius
1044 420 1223 467 sororis
1264 419 1402 476 filio,
1443 415 1743 474 adolescenti

321 498 683 566 pudentissimo
707 512 755 547 et
789 499 845 547 in
879 499 1055 567 primis
1087 499 1308 559 honesto,
1327 499 1486 566 equiti
1520 501 1744 557 Romano

324 578 521 638 datum,
556 581 797 641 Numerio
833 582 1093 638 Cluentio,
1127 598 1279 647 quem
1309 581 1495 637 videtis.

230 682 303 724 165
455 664 686 722 Alterum
734 663 961 711 veneficii
1006 663 1229 721 crimen,
1291 662 1571 730 Oppianico
1615 647 1794 718 1ιηίοᾷ’

323 742 642 805 adolescenti,
676 762 838 811 quum
872 744 977 792 eius
1010 743 1066 791 in
1101 743 1316 811 nuptiis,
1353 760 1492 791 more
1533 741 1740 803 Larina-

323 826 475 881 tium,
524 824 800 873 multitudo
851 823 1121 872 hominum
1156 822 1448 892 pranderet,
1492 838 1744 871 venenum

318 905 493 953 Habiti
544 905 752 953 consilio
798 917 1069 973 paratum:
1113 900 1170 951 id
1211 922 1374 971 quum
1430 903 1638 958 daretur
1685 901 1744 952 in

320 988 495 1044 mulso,
532 985 824 1033 Balbutium
857 985 1141 1052 quendam,
1175 987 1280 1034 eius
1312 985 1631 1043 familiarem,
1668 982 1745 1036 in-

321 1068 608 1135 tercepisse,
641 1067 844 1126 bibisse,
865 1068 1146 1134 ‘statimque
1180 1085 1277 1116 esse
1311 1080 1584 1116 mortuum.
1633 1066 1797 1126 Hoolq

320 1164 407 1214 ego
455 1149 494 1196 si
543 1149 612 1196 sic
656 1167 874 1216 agerem,
931 1162 1188 1217 tamquam
1239 1149 1366 1197 mihi
1401 1149 1591 1197 crimen
1625 1159 1747 1196 esset
1829 1164 1834 1183 ³

321 1227 654 1299 diluendum,
699 1229 821 1277 haec
869 1230 1103 1298 pluribus
1146 1231 1306 1279 verbis
1340 1230 1581 1292 dicerem,
1614 1245 1747 1295 quae.

223 1319 294 1374 167
325 1323 465 1357 'nunc
499 1310 670 1377 paucis
703 1311 958 1377 percurrit
990 1312 1149 1359 oratio
1182 1329 1305 1359 mea.
1339 1310 1478 1373 Quid
1500 1329 1746 1379 umquam

323 1390 540 1440 Habitus
576 1392 631 1439 in
663 1409 712 1440 se
754 1391 982 1450 admisit,
1030 1405 1091 1454 ut
1123 1392 1219 1440 hoc
1256 1405 1455 1450 tantum
1488 1393 1552 1440 ab
1583 1387 1641 1442 eo
1674 1393 1747 1442 fa-

323 1471 468 1521 cinus
512 1490 616 1520 non
662 1472 934 1522 abhorrere
968 1472 1235 1522 videatur?
1279 1472 1406 1540 quid
1441 1485 1610 1530 autem
1641 1477 1801 1531 mat-15,

319 1570 418 1620 gno
435 1570 586 1622 opere
595 1554 937 1622 Oppianicum
953 1554 1221 1614 metuebat,
1239 1572 1402 1620 quum
1428 1553 1515 1602 ille
1535 1553 1747 1610 verbum

323 1635 534 1694 omnino
570 1634 624 1681 in
658 1635 754 1683 hac
787 1634 892 1703 ipsa
927 1651 1071 1684 causa
1095 1635 1299 1699 nullum
1321 1634 1483 1682 facere
1506 1635 1746 1703 potueritz

318 1713 441 1762 huic
489 1727 658 1780 autem
699 1728 1027 1774 accusatores,
1073 1717 1182 1762 viva
1229 1727 1387 1763 matre
1433 1713 1592 1766 deesse
1639 1733 1745 1775 non

318 1796 537 1863 possint?
584 1795 634 1843 id
671 1796 810 1862 quod
843 1797 943 1844 iam
977 1796 1276 1862 intelligetis.
1312 1799 1392 1844 An
1427 1808 1487 1844 ut
1519 1795 1582 1844 de
1600 1814 1742 1846 causa

321 1877 426 1924 eius
459 1877 673 1945 periculi
709 1877 840 1925 nihil
874 1877 1160 1936 decederet,
1197 1876 1261 1924 ad
1307 1896 1504 1926 causam
1554 1893 1799 1929 novum20r

321 1958 513 2006 crimen
564 1958 851 2007 accederet?
931 1959 1083 2022 Quod
1131 1972 1300 2007 autem
1335 1972 1532 2027 tempus
1562 1960 1743 2008 veneni

321 2037 476 2098 dandi
511 2039 600 2087 illo
635 2038 747 2087 die?
782 2040 873 2089 illa.
903 2040 1220 2108 frequentia?
1263 2059 1354 2110 per
1398 2058 1550 2108 quem
1591 2059 1748 2109 porro

432 2214 465 2244 ι.
494 2200 690 2239 bonorum
709 2230 721 2250 ‚
750 2201 951 2241 Praetoris
991 2202 1118 2240 edicto
1237 2201 1296 2244 18.
1323 2209 1448 2242 matre
1476 2203 1568 2253 viva
1679 2218 1741 2258 ¹9·

425 2264 586 2308 possent
695 2271 771 2299 om.
803 2256 844 2295 id
955 2271 1019 2298 22.
1050 2259 1090 2297 in
1118 2255 1186 2296 illa
1215 2257 1434 2310 frequentia
1460 2267 1465 2275 '
1742 2256 1744 2258 ’

416 2419 443 2440 ι.
471 2407 588 2441 edicto
615 2411 790 2453 praetoris
817 2410 884 2443 AB
930 2410 1103 2454 praetoris
1129 2410 1247 2444 edicto
1271 2410 1340 2445 Ro
1408 2410 1494 2443 huic
1518 2421 1582 2443 om.
1608 2409 1753 2458 hedes

316 2451 592 2499 ghiklmyd‘C
731 2457 763 2490 3.
789 2456 1067 2499 prudentissimo
1094 2466 1211 2498 ιιαεη
1259 2457 1449 2500 purissimo
1472 2466 1491 2489 ο
1620 2468 1655 2501 9.
1679 2457 1745 2490 Ba-

315 2499 475 2533 buttium
499 2502 566 2535 AB
657 2502 879 2535 Balbuttium
901 2516 925 2549 p
1020 2503 1220 2546 Bulbiciuin
1246 2514 1300 2551 cq
1439 2513 1488 2535 ιο.
1515 2507 1552 2536 et
1575 2504 1693 2536 statim
1719 2515 1744 2552 q

314 2544 401 2589 hoc]
431 2546 518 2579 haec
541 2547 700 2595 qoeyds
716 2549 733 2587 ζ
749 2549 870 2591 λοπρ
1045 2562 1094 2582 12.
1122 2548 1223 2594 quae]
1251 2561 1313 2593 per
1339 2558 1430 2592 quae
1456 2550 1525 2583 AB
1692 2550 1744 2586 13:

314 2602 510 2636 numquam
539 2604 590 2627 αε
757 2607 791 2638 ¹7
839 2594 953 2628 facere
978 2596 1118 2628 nullum
1147 2599 1299 2641 ηᾳιιβε
1316 2596 1394 2635 ηξτ
1583 2597 1634 2632 18.
1658 2595 1739 2628 viva

314 2643 428 2669 matre
458 2640 524 2673 AB
594 2646 705 2673 matre
727 2641 806 2673 viva
831 2641 902 2676 ΒΟ
1038 2654 1089 2684 ¹9-
1118 2642 1254 2684 possint
1281 2642 1354 2675 ΑΒ
1399 2645 1547 2686 possent
1569 2643 1598 2681 R
1614 2643 1643 2675 Ο
1687 2641 1738 2682 id,

314 2683 411 2762 ἓιιοιΙ
438 2686 532 2723 ΑΒξ
603 2686 698 2731 quod
727 2688 876 2732 Rvulg.
1023 2699 1072 2733 ¹9·
1098 2698 1142 2721 an
1166 2688 1210 2721 ad
1236 2699 1375 2721 causam
1405 2698 1458 2721 αε
1581 2691 1650 2727 ἀπ.
1673 2688 1742 2737 illaA

332 2741 357 2762 r.
384 2729 453 2764 AB
520 2733 558 2764 in
583 2733 647 2766 illa
673 2734 713 2767 fr.
738 2734 807 2767 ΠΟ
1050 2747 1053 2750 ·
1210 2735 1211 2738 ’
1338 2732 1342 2737 ’
1703 2736 1706 2738 ’
