1846 3178
300 199 327 230 2
338 198 394 232 ,ο
854 175 1187 218 ADNoTATio

413 313 476 355 17.
510 312 628 355 quam
655 299 730 338 ulli
755 307 823 337 aut
849 297 938 337 urbi
963 307 1033 338 auc
1059 297 1222 353 hospiti]
1275 297 1387 338 Nihil
1418 299 1578 350 certius,
1605 311 1728 354 quam

295 369 572 425 probatissima
600 370 700 410 haec
734 369 929 422 scriptura
959 382 982 407 a
1013 369 1187 408 Graevio
1224 367 1372 408 fmstra
1405 375 1570 413 tentata.
1626 369 1727 411 Nam

292 442 400 496 quod
428 441 526 481 dicit
551 441 646 492 ille,
684 439 734 478 de
778 439 879 478 urbe
910 440 1031 479 modo
1062 441 1142 478 iam
1194 438 1345 478 dictum
1375 453 1482 491 esse,
1524 440 1567 479 id
1605 454 1727 494 quam

291 513 461 553 maxime
488 518 668 550 nostram
695 517 854 550 tuetur:
899 524 993 548 nam
1027 516 1066 549 et
1099 510 1263 564 hospites
1302 509 1382 547 iam
1428 511 1726 552 commemorati

290 592 404 633 sunt,
439 591 478 623 et
504 582 686 622 consulto
715 589 933 635 utrumque
960 581 1012 621 ab
1040 588 1197 620 oratore
1227 581 1373 620 iterum
1400 581 1588 634 ponitur:
1617 585 1725 623 nocti

289 657 422 710 potius
451 661 491 694 et
526 653 750 704 solitudini,
798 667 919 707 quam
956 653 1046 692 urbi
1083 660 1146 692 aui
1178 652 1402 707 hospitibus
1439 651 1608 693 Sassiam
1642 666 1725 694 sese

288 727 542 775 commisisse.

406 813 499 863 156,
533 828 570 852 2.
600 809 806 868 quosdam]
859 810 964 850 Vide
1003 825 1053 850 an
1095 824 1139 850 ex
1181 810 1320 863 optimi
1361 809 1473 858 cod„
1499 809 1533 849 F
1536 807 1725 850 lorentini

286 885 483 938 scriptura
522 896 616 937 quos
649 882 814 921 fortasse
858 883 974 938 quasi
1011 882 1301 921 restituendum
1337 883 1400 925 sit.
1468 880 1626 921 Inutilis
1665 888 1723 922 est

284 955 513 995 coniectura
542 953 709 995 Weiskii
726 984 736 1003 ,
786 955 856 1008 qui
881 956 1063 995 mortales
1103 953 1356 994 scribendum
1392 955 1614 1008 suspicatur
1649 967 1723 1008 pro

283 1027 397 1068 alios.

393 1124 459 1153 22.
490 1110 690 1148 communi
715 1108 861 1147 Italiae
883 1123 982 1162 pace
1010 1110 1052 1148 in
1085 1108 1299 1149 domesticis
1327 1111 1447 1165 copiis
1474 1125 1551 1150 esse
1581 1108 1720 1165 totum]

281 1180 445 1221 Primus
472 1177 668 1217 libi-orum
697 1178 958 1231 scripturam,
1007 1180 1118 1217 cuius
1144 1194 1195 1218 ne
1222 1182 1454 1220 varietatem
1484 1181 1645 1235 quidem
1674 1196 1721 1222 ex

281 1250 366 1291 ullo
393 1250 531 1290 codice
556 1256 755 1289 cnotatam
779 1263 864 1288 esse
889 1249 1020 1297 video,
1053 1249 1275 1303 Naugerius
1292 1251 1334 1289 in
1353 1252 1500 1291 Aldina
1526 1252 1717 1303 deseruit,

281 1335 479 1377 reponens
505 1320 712 1374 vulgatum
740 1318 842 1358 illud
872 1320 915 1358 in
952 1321 1151 1358 communi
1187 1319 1333 1359 Italiae
1368 1335 1468 1376 pace
1501 1322 1718 1362 domesticis

277 1393 400 1447 copiis
422 1404 504 1430 esse
532 1398 679 1430 tutum.-
724 1403 844 1443 quem
872 1388 1017 1442 reliqui
1043 1403 1180 1428 omncs
1200 1390 1371 1429 editores
1409 1392 1568 1444 sequuti
1610 1401 1717 1438 sunt.

279 1464 359 1504 Sed
390 1463 574 1503 idoneam
602 1460 755 1500 nullam
786 1459 875 1499 talis
908 1460 1090 1499 licentiae
1128 1475 1286 1500 causam
1314 1462 1457 1502 video:
1487 1463 1718 1504 domesticae

279 1537 418 1591 copiae
445 1535 603 1584 iocose,
644 1534 711 1587 qui
741 1539 830 1585 post
857 1533 1039 1571 virorum
1079 1532 1292 1572 discessum
1335 1532 1546 1574 domorum
1585 1549 1716 1575 rema-

277 1614 377 1648 oeut
414 1605 567 1646 incolae
613 1605 802 1644 dicuntur
819 1634 829 1652 ,
886 1619 1019 1654 senes,
1066 1605 1274 1657 mulieres,
1326 1605 1523 1645 infantes:
1569 1606 1718 1660 quibus

278 1694 404 1734 quum
433 1678 622 1732 oppidum
652 1678 692 1715 in
720 1676 898 1716 absentia
926 1684 1149 1717 ceterorum
1198 1676 1502 1717 custodiendum
1526 1677 1714 1728 traditur,

276 1750 380 1791 bene
401 1749 550 1790 dicitur
581 1758 701 1788 tolum
730 1749 772 1787 in
802 1749 850 1786 iis
878 1762 970 1787 esse.

393 1840 482 1893 137,
518 1840 584 1881 23.
613 1836 878 1877 lazulationem
906 1835 1121 1890 decretam]
1180 1835 1394 1891 Egregiam
1439 1836 1543 1876 hane
1579 1850 1714 1877 emen-

277 1909 480 1950 dationem
512 1908 669 1947 duobus
697 1908 857 1961 optimis
895 1907 1010 1949 codd.
1053 1907 1272 1947 dehemus:
1322 1910 1364 1947 in
1409 1909 1571 1964 vulgata
1618 1912 1715 1950 scri-

278 1988 398 2035 ptura
424 1980 695 2019 lazulatiormm
723 1979 881 2018 decreta
911 1986 950 2016 et
971 1977 1142 2032 pluralis
1170 1979 1443 2019 laudationum
1470 1981 1708 2031 offendebat,

277 2059 318 2092 et
348 2052 502 2091 decreta
531 2051 688 2090 nonnisi
726 2050 937 2088 artificiosa
966 2051 1119 2090 ratione
1146 2050 1196 2090 de
1232 2051 1315 2104 ipsa
1341 2049 1570 2092 laudatione
1597 2051 1714 2092 iutel-

275 2122 345 2178 ligi
369 2123 514 2178 potuit.

392 2209 483 2260 138,
519 2210 580 2251 13.
617 2210 746 2263 Quam
771 2221 849 2247 non
878 2207 898 2231 *
927 2207 1055 2246 abesse
1085 2207 1202 2263 cett]
1232 2209 1362 2249 Huius
1389 2212 1527 2264 eapitis
1555 2213 1712 2251 initium

275 2279 484 2325 dedimus,
515 2279 632 2334 quale
661 2280 752 2318 inde
781 2293 804 2319 a
832 2279 1030 2319 Lambino
1061 2281 1103 2319 in
1131 2281 1317 2320 omnibus
1345 2281 1586 2322 editionibus
1614 2282 1711 2336 legi-

276 2358 368 2403 tur,
397 2365 479 2391 non
516 2359 647 2390 tamen
678 2352 762 2390 sine
792 2351 1025 2405 suspicionis
1052 2359 1176 2391 nota:
1210 2367 1303 2392 nam
1330 2352 1447 2406 plura
1467 2354 1507 2393 in
1528 2367 1575 2393 eo
1594 2352 1711 2394 valde

275 2423 429 2463 incerta
457 2430 564 2466 sunt.
619 2422 804 2461 Primum
831 2422 954 2462 verba
981 2436 1101 2479 quam
1129 2439 1206 2464 non
1235 2426 1368 2464 nescio
1389 2427 1504 2465 cuius
1532 2425 1711 2477 (fortasse

277 2492 368 2534 Nic.
383 2494 541 2548 Angelii
570 2495 627 2544 (in
655 2494 718 2536 ed.
749 2494 924 2545 Iuntina)
956 2496 1205 2535 coniecturae
1233 2496 1453 2536 debentur:
1482 2510 1573 2534 nam
1591 2496 1710 2536 codd.

278 2576 416 2602 omnes
443 2563 599 2618 quando
627 2564 830 2604 exhibent:
874 2572 960 2603 tum
991 2580 1030 2605 v.
1070 2567 1130 2608 16.
1175 2566 1299 2606 verba
1343 2581 1460 2623 quam
1504 2568 1643 2609 vellem
1684 2584 1708 2610 a

277 2633 475 2674 Lambino
505 2634 640 2674 addita
668 2643 788 2676 sunt:
836 2636 1006 2689 denique
1033 2653 1146 2692 posse
1173 2640 1214 2678 in
1238 2639 1484 2692 paucissimis
1512 2640 1708 2680 inferioris

279 2711 398 2746 notae
426 2705 540 2745 MSS.
575 2714 765 2760 apparet:
802 2707 944 2762 reliqui
979 2722 1134 2763 possem
1163 2717 1338 2751 tuentur.
1396 2709 1518 2751 Nobis
1546 2712 1708 2767 quidem
