1846 3178
353 210 442 271 ¹96
890 200 1213 244 AnNo‘rArio

343 326 451 371 dum.
467 342 486 365 n
543 325 760 367 Consulum
789 327 952 364 omnino
993 325 1120 364 rarius
1158 330 1217 363 est
1261 322 1311 364 ad
1355 323 1548 377 populum
1585 321 1731 363 referre
1748 335 1761 362 ε

341 397 411 437 sed
447 399 481 438 si
507 398 604 452 quid
637 395 937 436 deliberandum
967 394 1240 448 proposuerint
1259 424 1270 441 ‚
1308 401 1396 432 tum
1435 408 1515 433 non
1554 394 1691 432 minus.
1710 391 1764 432 nd

339 467 557 522 populum,
597 481 718 521 quam
759 468 801 505 in
828 473 966 505 senatu
994 479 1060 505 eos
1087 466 1233 516 rfferre
1259 466 1465 504 existimo:
1495 461 1603 517 quod
1627 463 1759 509 Erne-

339 543 415 580 stio
444 548 482 579 et
510 540 727 579 Garatonio
754 539 848 577 item
874 537 1099 577 videbatur.

444 632 498 686 96
514 662 525 682 ,
560 633 596 671 5.
613 630 832 686 placatam]
889 631 1128 669 Garatonius
1175 628 1394 669 multorum
1429 627 1623 667 librorum
1661 629 1759 667 scri-

334 711 494 758 pturam
530 713 717 758 pacatum
755 702 963 756 probavit:
1013 701 1211 740 immerito
1228 731 1238 749 ,
1278 701 1441 753 opinor:
1489 711 1583 737 nam
1610 699 1694 738 irae
1717 705 1758 738 et

334 774 563 812 inimicitiae
603 774 757 826 potius,
785 780 989 824 tamquam
1027 771 1245 810 conti-ariae
1276 769 1370 808 huic
1398 767 1534 821 populi
1563 768 1759 823 tranquil-

332 845 437 884 litati
456 844 687 896 cogitandae
719 850 811 882 sunt
830 873 842 894 ,
889 856 1009 896 quam
1036 842 1227 881 clamores
1270 848 1310 879 et
1349 839 1567 889 tumultus,
1611 839 1756 892 quibus

330 915 472 954 sedatis
499 921 604 954 recte
625 923 790 969 pacatus
817 914 1044 953 diceretur:
1074 914 1191 952 etiam
1223 911 1527 966 praestantiores
1553 907 1644 948 libri
1660 910 1756 964 pla-

327 992 458 1023 catum
483 991 662 1023 tuentur.

441 1088 502 1113 11.
533 1073 724 1129 aliorum]
800 1075 908 1115 Haec
935 1074 1108 1114 Ernestii
1143 1073 1365 1114 emendatio
1395 1081 1476 1113 tam
1506 1081 1609 1113 certa
1638 1071 1755 1114 nobis

326 1152 366 1184 et
392 1148 609 1184 necessaria
638 1146 862 1195 videbatur,
891 1153 936 1184 ut
962 1146 1169 1184 admittere
1191 1160 1277 1184 eam
1304 1159 1384 1184 non
1411 1145 1751 1187 dubitaverimus:

323 1215 501 1265 illorum,
534 1214 604 1252 ubi
636 1221 743 1252 certa
771 1214 881 1253 nulla
908 1215 1052 1253 iudicia
1081 1217 1328 1267 cogitantur,
1358 1221 1445 1253 tum
1472 1218 1590 1254 etiam
1619 1217 1751 1254 statim

324 1290 515 1337 sequente
557 1285 628 1323 illo
660 1284 806 1322 iudicio
833 1283 1018 1332 Iuniano,
1049 1285 1160 1323 nullo
1189 1284 1308 1323 modo
1338 1285 1544 1324 serendum
1575 1294 1674 1329 erat.
1698 1310 1753 1318 -

323 1354 511 1394 Ceterum
539 1355 746 1408 respicitur
775 1355 818 1394 h.
849 1355 879 1394 l.
908 1355 1017 1394 locus
1047 1357 1086 1393 in
1116 1356 1233 1394 Verr-
1263 1355 1407 1398 Act.1.
1426 1372 1462 1396 c.
1485 1358 1546 1397 13.
1564 1357 1630 1406 38,
1652 1357 1719 1412 39.

429 1461 505 1501 97,
542 1445 602 1489 18.
638 1448 674 1485 si
709 1447 808 1501 qnid
843 1449 1058 1503 aliquando
1089 1464 1167 1488 non
1193 1464 1288 1505 opus
1318 1457 1413 1489 esset
1428 1449 1478 1487 ab
1510 1464 1550 1488 se
1577 1449 1746 1489 esse-di·

319 1515 440 1570 ctum]
507 1517 571 1556 Sic
618 1518 858 1557 restituimus
897 1518 1063 1572 probam
1107 1518 1342 1571 lectionem,
1387 1533 1507 1573 quam
1551 1519 1744 1573 Orellius,

320 1587 538 1626 Garatonio
580 1587 729 1627 frustra
776 1597 963 1628 monente
1004 1590 1254 1642 repudiavit:
1306 1590 1374 1630 sed
1410 1591 1533 1630 altera
1571 1590 1664 1630 illa:
1709 1592 1746 1631 .ςί

317 1658 419 1712 qaid
441 1659 654 1712 aliquando
685 1660 792 1715 qnod
813 1675 890 1699 non
918 1674 1012 1715 opus
1045 1671 1150 1710 esset,
1187 1663 1237 1700 ab
1262 1677 1302 1700 se
1328 1671 1422 1701 esset
1445 1663 1609 1711 dictum,
1642 1675 1745 1716 quae

316 1728 490 1781 primum
535 1729 575 1767 in
617 1728 680 1767 ed.
729 1730 886 1768 Iuntina
925 1738 1108 1783 apparet,
1144 1730 1245 1770 nihil
1278 1732 1352 1770 nisi
1398 1732 1624 1770 coniectura
1659 1743 1744 1770 esse

317 1798 491 1838 videtur.
557 1798 614 1837 At
655 1807 805 1852 quanto
850 1800 1029 1839 festivius
1061 1801 1160 1840 illud
1189 1801 1339 1840 dictum
1367 1809 1448 1841 est:
1478 1802 1514 1839 si
1542 1801 1642 1856 quid
1664 1815 1742 1841 non

314 1881 410 1916 opus
445 1878 539 1907 esset
563 1883 590 1907 α
617 1884 656 1908 se
694 1885 770 1909 esse
816 1870 990 1922 dictum3
1039 1879 1151 1925 grata
1184 1871 1358 1925 quadam
1402 1869 1562 1912 levitate
1576 1903 1588 1925 ,
1626 1874 1740 1927 quasi

323 1939 434 1992 quod
474 1939 596 1979 semel
635 1940 786 1980 dictum
832 1950 916 1994 est,
964 1944 1134 1997 perinde
1178 1945 1296 1983 etiam
1339 1957 1420 1982 non
1473 1944 1622 1983 dictum
1656 1958 1743 1984 esse

313 2017 459 2063 posset.
482 2033 536 2042 —
591 2012 684 2050 Mox
710 2027 753 2052 v.
782 2026 848 2052 20.
878 2028 959 2053 non
992 2016 1124 2054 minus
1152 2015 1368 2054 necessarie
1398 2021 1491 2053 ante
1517 2028 1739 2068 pronomen

312 2081 415 2134 quid
439 2094 484 2119 ex
512 2083 672 2133 optimis
699 2081 811 2121 libris
834 2084 869 2121 si
896 2084 1136 2134 addidimus,
1165 2085 1274 2137 quod
1300 2085 1341 2124 in
1367 2084 1529 2138 reliquis
1555 2085 1738 2126 omnibus

312 2150 453 2190 ultima
480 2150 632 2205 syllaba
658 2151 874 2204 particulae
899 2154 1011 2207 quasi
1035 2153 1267 2206 absorptum
1295 2160 1394 2192 erat.
1453 2151 1546 2192 Non
1577 2168 1737 2207 possum

311 2223 406 2262 satis
448 2222 584 2261 mirari
624 2222 818 2261 incuriam
847 2222 1025 2260 omnium
1061 2223 1259 2261 editorum
1295 2230 1452 2276 praeter
1479 2223 1734 2275 Lambinum‚

311 2306 382 2346 qul
410 2292 516 2332 solus
561 2293 705 2332 veteris
742 2293 958 2346 scripturae
986 2291 1256 2332 difficultatem
1288 2295 1408 2333 sensit
1435 2302 1474 2334 et
1500 2308 1545 2334 ex
1573 2295 1734 2348 ingenio

309 2377 382 2403 suo
410 2365 575 2414 amovit,
619 2363 726 2418 qaod
761 2364 951 2416 rescripto
990 2378 1064 2416 pro
1090 2363 1201 2418 quid.
1255 2364 1376 2404 Unde
1403 2366 1509 2404 enim
1534 2365 1734 2418 pendeant

309 2434 403 2474 illa:
452 2434 552 2489 quid
583 2449 609 2473 a
646 2434 756 2474 nobis
799 2434 944 2473 dictum
977 2444 1044 2473 aut
1084 2444 1215 2473 actum
1242 2436 1322 2474 sit?
1375 2436 1530 2474 Scilicet
1557 2435 1609 2474 ab
1637 2435 1729 2476 his:

308 2504 508 2544 hominum
545 2506 735 2543 memoria
769 2519 847 2544 non
882 2505 1239 2559 comprehendatur.
1320 2505 1397 2545 Sed
1444 2507 1475 2545 si
1510 2519 1731 2560 pronomen

307 2574 406 2630 quid
445 2588 518 2628 pro
557 2575 840 2627 interrogativo
882 2577 1086 2626 accipitur,
1144 2574 1266 2628 (quod
1307 2589 1444 2615 sensus
1481 2583 1614 2615 tamen
1653 2578 1730 2616 mi-

306 2646 415 2684 nime
443 2647 604 2699 patitur)
651 2645 865 2698 quomodo,
897 2660 1059 2698 quaeso,
1088 2646 1134 2684 id
1157 2653 1285 2699 potest
1312 2646 1451 2684 subiici
1466 2648 1485 2684 ?
1541 2647 1727 2698 Quonam

307 2714 468 2755 tandem
511 2715 618 2755 istud
654 2715 700 2754 id
734 2715 785 2754 ab
817 2715 1098 2768 interpretibus
1125 2715 1293 2756 relatum
1323 2723 1381 2756 est
1397 2720 1415 2756 ?
1441 2739 1492 2747 —
1549 2717 1726 2757 Omnino
