1846 3178
1538 185 1622 218 101

0 0 130 187 W
639 139 750 203 mio
779 157 834 201 A.
866 161 1168 205 CLUENTIO.

179 298 282 339 tun
313 285 579 356 improbus
601 286 730 337 fuit?
764 287 846 336 cui
877 305 966 356 ego
995 300 1166 338 autem
1186 288 1421 338 narravi?
1453 291 1624 348 Nemo,

177 378 245 417 ut
262 368 481 437 opinor,
514 369 569 417 in
605 370 756 438 culpa
792 382 890 418 est:
923 369 1007 418 sed
1054 370 1303 418 nimirum
1347 371 1440 419 tibi
1489 372 1627 422 istud

172 450 267 500 kx.
290 449 396 518 ipsa
432 453 762 502 renuntiavit.
815 452 908 502 Sed
948 471 1074 501 num
1112 453 1206 502 tibi
1241 453 1626 503 itardefendisse

104 560 105 563 =
170 530 364 590 videor,
416 545 477 581 ut
526 545 630 582 tota
677 534 733 582 in
779 551 924 582 causa
961 535 1275 582 mentionem
1310 535 1470 591 ullam
1505 536 1626 602 legis

135 613 412 665 §seem-im?
456 633 584 663 num
607 633 746 664 secus
781 616 913 664 hane
947 634 1148 664 causam
1182 615 1478 675 defendisse,
1499 635 1558 666 ac
1581 617 1622 666 si

168 695 284 764 ‘lege
318 696 540 745 Habitus
575 698 863 746 teneretur?
905 697 1078 751 Certe,
1113 709 1174 746 ut
1206 697 1468 746 hominem
1505 717 1622 748 con-

0 837 7 846 ,
169 778 374 828 firmare
421 792 646 847 oportet,
697 781 871 828 nulius
904 792 975 828 est
1010 780 1148 827 locus
1181 798 1209 828 a
1245 797 1326 827 me
1363 780 1621 848 purgandi

0 856 38 917 '3
168 861 312 910 istius
347 861 582 910 invidiosi
617 860 845 910 criminis
879 860 1270 928 praetermissus.
1323 861 1466 924 Quid
1499 879 1617 928 ergo
1646 867 1722 919 ¹44

165 942 269 992 est?
301 943 525 1007 Quaeret
541 943 744 992 fortasse
766 942 1034 1010 quispiam,
1065 940 1446 1009 discipliceatne
1470 943 1615 1002 mihi,

114 1023 339 1091 mlegum
399 1023 650 1093 praesidio
703 1024 883 1092 capitis
941 1022 1232 1090 periculum
1283 1025 1618 1092 propulsare?

162 1104 301 1155 Mihi
330 1122 466 1164 vero,
500 1104 710 1163 iudices,
749 1123 856 1153 non
890 1103 1150 1172 displicet:
1197 1104 1282 1152 sed
1317 1119 1437 1154 utor
1474 1107 1616 1156 insti-

0 1244 2 1246 ,
162 1199 276 1237 tuto
307 1204 433 1236 meo.
469 1190 532 1237 In
566 1186 789 1235 hominis
810 1186 1008 1235 honesti
1027 1186 1396 1254 prudentisque
1420 1189 1614 1239 iudicio

0 1294 10 1337 ι
158 1289 267 1321 non
301 1272 467 1322 solum
500 1288 614 1320 meo
648 1271 858 1319 consilio
894 1270 972 1318 uti
999 1271 1248 1330 consuevi,
1274 1270 1359 1318 sed
1386 1273 1612 1322 multum

0 1341 3 1344 ,
156 1353 313 1403 etiam
346 1353 485 1410 eius,
523 1370 679 1420 quem
724 1351 967 1410 defendo,
1014 1364 1064 1400 et
1097 1352 1311 1401 consilio
1347 1366 1398 1402 et
1431 1354 1612 1403 volun-

106 1441 251 1493 15tati
286 1430 595 1503 obtempero.
630 1435 773 1494 Nam,
809 1446 869 1482 ut
903 1433 1027 1481 haec
1062 1432 1125 1481 ad
1162 1451 1243 1481 me
1266 1452 1412 1483 causa
1441 1434 1608 1486 delata

157 1530 254 1574 est,
313 1516 406 1585 qui
454 1517 584 1583 leges
624 1534 734 1576 eas,
793 1515 858 1564 ad
906 1533 1032 1582 quas
1081 1514 1418 1576 adhibemur,
1456 1531 1508 1567 et
1549 1519 1607 1569 in

153 1601 345 1670 quibus
407 1617 693 1659 versamur,
745 1616 884 1648 nosse
944 1598 1205 1646 deberem:
1260 1598 1365 1647 dixi
1414 1602 1608 1651 Habito

151 1683 324 1734 statim
360 1681 423 1731 de
456 1699 535 1731 eo:
572 1699 675 1739 QUI
710 1698 967 1738 coszEr,
1004 1698 1122 1738 Quo
1159 1697 1299 1738 oms
1335 1697 1604 1731 coNnEM-

149 1783 462 1824 NARETUR,
500 1766 651 1814 illum
684 1781 783 1813 esse
819 1764 1070 1813 liberum:
1112 1764 1272 1813 teneri
1307 1776 1482 1812 autem
1512 1783 1603 1814 no-

95 1864 314 1902 nostrum
346 1848 596 1899 ordinem.
658 1851 827 1915 Atque
861 1847 948 1896 ille
983 1865 1064 1895 me
1098 1866 1244 1897 orare
1277 1861 1434 1916 atque
1464 1847 1600 1897 obse-

263 1994 300 2020 2.
331 1981 434 2018 istuc
546 1974 583 2025 4.
615 1974 776 2014 fecerim
806 1972 902 2026 legis
1024 1974 1063 2014 5.
1092 1971 1357 2011 defendissem
1477 1985 1538 2011 ιο.
1575 1987 1598 2011 a

256 2035 386 2090 capite
413 2031 638 2088 periculum
776 2043 839 2068 20.
869 2036 909 2068 et
936 2027 1153 2068 obsecrare

241 2169 268 2192 1.
299 2167 364 2203 ego
393 2161 514 2190 autc-m
538 2165 605 2190 om.
627 2154 657 2186 B
731 2157 849 2184 autem
876 2162 943 2187 om.
965 2151 998 2184 A
1065 2154 1186 2182 autem
1217 2160 1280 2194 ego
1307 2161 1332 2182 a
1453 2161 1485 2183 2.
1514 2148 1593 2197 sed]

145 2211 182 2240 et
205 2205 275 2240 AB
303 2217 373 2239 om.
406 2204 552 2246 Quinct.
680 2199 776 2231 istud
809 2199 884 2233 AB
978 2198 1096 2230 istunc
1128 2196 1308 2244 liipstw
1404 2196 1498 2229 istuc
1525 2198 1597 2231 ΒΟ

145 2253 166 2299 4
221 2250 345 2299 ullam]
389 2251 525 2283 nullam
558 2247 643 2295 dsg
655 2246 701 2280 hi
713 2245 798 2280 klm
811 2257 888 2278 ors
902 2253 915 2277 t
930 2247 985 2287 ιιβ
997 2255 1022 2288 γ
1035 2254 1050 2276 ε
1065 2247 1117 2276 θι
1129 2256 1190 2290 κμ
1319 2243 1408 2287 legis
1444 2244 1593 2276 fecerim

142 2299 213 2334 AB
259 2300 327 2336 fec,
353 2299 441 2343 legis
468 2298 536 2331 Ro
678 2295 711 2329 5.
739 2292 945 2325 defendisse
972 2292 1090 2330 λνξτ
1126 2297 1168 2334 (κ
1193 2294 1233 2325 ιή
1260 2301 1302 2324 eo
1330 2291 1504 2337 exemplo,
1521 2301 1595 2338 quo

143 2358 229 2386 usus
251 2359 352 2387 sum,
402 2344 647 2378 defendissem
676 2339 844 2374 exhibet:
885 2338 993 2372 Orell.
1021 2349 1066 2372 ex
1093 2349 1158 2372 suo
1208 2339 1416 2372 defendisse
1449 2341 1595 2380 enecat)

145 2393 389 2428 defendissem
418 2394 460 2425 Il
489 2391 571 2425 rell.
598 2387 675 2423 edd.
773 2398 814 2419 ac
836 2387 906 2421 AB
918 2396 970 2432 cp
985 2398 1008 2433 q
1020 2398 1036 2418 s
1050 2397 1075 2431 γ
1087 2395 1103 2418 ε
1114 2399 1132 2427 η
1144 2389 1173 2418 θ
1187 2387 1296 2430 ικλμ
1311 2397 1333 2418 ν
1347 2386 1364 2424 ’ξ
1377 2395 1396 2418 ο
1410 2396 1430 2417 τ
1526 2384 1594 2418 hac

142 2440 173 2474 R
195 2439 325 2475 Dresd.
352 2439 410 2474 Fr.
443 2451 468 2472 ι.
497 2435 648 2482 αβδζπ
665 2442 723 2479 QG
865 2444 896 2478 7,
922 2445 941 2465 a
967 2444 1025 2467 me
1050 2433 1228 2478 purgandi
1259 2432 1357 2465 locus
1382 2440 1438 2463 αε
1555 2443 1591 2476 9.

141 2486 304 2522 fortassis
329 2487 399 2522 AB
447 2484 665 2528 displicetne
690 2481 757 2515 AB
934 2492 982 2514 ιο.
1018 2481 1149 2524 capitis
1174 2481 1242 2514 AB
1271 2477 1344 2512 cod.
1374 2479 1413 2513 S.
1440 2479 1533 2514 Vise.
1557 2485 1592 2512 et

142 2532 262 2568 lamb.
361 2545 381 2566 a
405 2535 522 2577 capite
548 2533 578 2566 R
596 2533 624 2564 Ο
819 2540 867 2562 ιι.
894 2527 1064 2560 instituto
1090 2540 1170 2561 meo
1197 2528 1235 2559 iu
1261 2527 1356 2559 huni.
1383 2526 1470 2563 hon,
1485 2524 1589 2570 prud.

143 2580 294 2619 iudicio,
317 2581 399 2614 Non
425 2580 560 2614 solum:
591 2579 644 2610 sic
668 2575 900 2620 distinguunt
925 2575 1014 2608 κλν
1201 2586 1247 2607 12.
1268 2573 1590 2620 prudentisquell

140 2635 288 2674 praeter
307 2628 368 2661 Ιιν
381 2642 395 2672 ;
410 2637 459 2674 γε
476 2640 494 2668 η
507 2634 687 2671 ικμνσῑ
738 2623 983 2668 pudentisque
1007 2621 1064 2654 hv
1078 2619 1184 2660 αδζλ
1202 2623 1285 2660 ξοπ
1300 2632 1320 2666 ρ
1423 2621 1474 2657 13,
1498 2631 1587 2653 con-

141 2673 240 2721 sitio]
269 2676 407 2710 iudicio
432 2684 483 2708 αε
611 2674 660 2706 18.
700 2672 744 2704 de
778 2672 840 2714 eo]
879 2681 921 2702 eo
955 2669 1075 2714 capite
1099 2669 1130 2702 B
1176 2669 1296 2711 capite
1324 2677 1367 2700 eo
1393 2667 1413 2706 ξ
1485 2665 1583 2714 quis]

141 2723 296 2768 quinque
326 2722 356 2756 B
510 2731 566 2758 πο,
593 2725 701 2765 atquc
727 2718 799 2753 AB
811 2730 833 2751 a
846 2728 863 2751 e
877 2729 957 2764 prs
972 2724 985 2750 t
998 2727 1023 2750 u
1034 2724 1080 2748 αε
1095 2727 1119 2755 ς
1190 2720 1226 2748 et
1254 2715 1284 2752 R
1307 2714 1405 2760 vulg.
