1846 3178
626 110 744 176 'PRO
777 133 831 174 A.
848 133 1148 175 cLUENTm.
1543 137 1603 189 53

175 259 434 325 Staienum
482 259 586 326 ipse
629 257 695 306 ad
733 258 967 308 subsellia
1002 257 1226 308 adduxit.
1275 259 1610 327 Consurgitur
1638 267 1690 323 75

171 341 231 397 in
262 339 555 399 consilium,
611 357 775 407 quum
807 343 1076 391 sententias
1108 341 1443 409 Oppianicus,
1477 358 1608 408 quae

173 434 284 472 tum
328 433 437 472 erat
486 433 722 490 potestas,
769 424 937 491 palam
969 422 1092 472 ferri
1125 423 1252 471 velle
1292 421 1512 480 dixisset,
1549 435 1609 472 ut

170 503 400 554 Staienus
430 502 556 552 scire
587 517 766 572 posset,
801 504 927 571 quid
963 505 1148 571 cuique
1183 503 1399 553 deberet.
1451 504 1608 554 Varia

147 584 406 634 sindicum
431 602 635 652 genera:
661 587 936 635 nummarii
959 587 1133 655 pauci:
1165 585 1250 635 sed
1272 603 1442 636 omnes
1474 585 1606 634 irati.

173 669 244 718 Ut
275 669 367 736 qui
402 667 627 736 accipere
662 668 716 717 in
751 687 927 736 campo
961 681 1295 726 consuerunt,
1346 668 1406 719 iis
1438 667 1609 717 candi-

174 748 328 809 datis,
389 768 613 818 quorum
658 768 888 799 nummos
936 766 1219 819 suppressos
1261 768 1360 799 esse
1403 763 1606 819 putant,

171 832 506 887 inimicissimi
554 833 715 881 solent
754 847 874 880 esse:
920 831 988 880 sic
1020 831 1265 881 eiusmodi
1299 831 1488 882 iudices
1526 833 1603 882 in-

173 914 287 964 festi
324 928 433 965 tum
465 932 550 964 reo
586 904 847 970 venerant:
882 913 1035 962 ceteri
1070 914 1481 964 nocentissimum
1506 933 1603 965 esse

123 998 577 1048 inarbitrabantur:
614 997 699 1047 sed
732 996 1084 1065 exspectabant
1117 998 1388 1047 sententias
1410 1015 1601 1057 eorum,

169 1098 296 1149 quos
327 1093 592 1149 corruptos
626 1081 900 1149 putabant,
936 1093 996 1130 ut
1029 1098 1089 1128 ex
1122 1080 1181 1128 iis
1221 1079 1599 1138 constituerent,

167 1181 198 1212 a
231 1181 336 1231 quo
370 1161 620 1212 iudicium
653 1175 953 1231 corruptum
986 1161 1261 1211 videretur.
1343 1163 1469 1211 Ecce
1512 1162 1607 1211 tibi

166 1229 413 1298 eiusmddi
448 1244 643 1294 sortitio
677 1244 802 1301 fuit,
837 1257 897 1293 ut
931 1244 986 1293 in
1020 1244 1197 1313 primis
1225 1243 1387 1293 Bulbo
1421 1256 1471 1293 et
1504 1246 1608 1293 sta-

169 1326 286 1376 ieno
319 1339 370 1376 et
403 1328 593 1376 Guttae
608 1340 731 1376 esset
755 1325 1101 1375 iudicandum.
1138 1328 1342 1375 Summa
1369 1324 1606 1374 omnium.

118 1408 486 1478 15exspectati0‚
522 1406 771 1474 quidnam
815 1407 1091 1455 sententiae
1137 1406 1327 1456 ferrent
1374 1406 1501 1456 leves
1547 1422 1605 1453 ac

165 1489 445 1540 nummarii
480 1488 683 1538 iudices.
720 1492 887 1556 Atque
922 1489 999 1537 illi
1035 1506 1204 1538 omnes
1236 1489 1342 1537 sine
1374 1488 1482 1537 ulla
1512 1485 1605 1535 du-

1642 1148 1706 1198 28

162 1572 411 1623 bitatione
455 1571 810 1620 condemnant.
889 1571 987 1619 Hic
1022 1583 1131 1619 tum
1166 1571 1379 1619 iniectus
1412 1581 1484 1619 est
1517 1568 1602 1619 ho-
1631 1576 1683 1630 76

161 1654 388 1705 minibus
437 1654 708 1721 scrupulus
756 1666 807 1702 et
852 1651 1102 1718 quaedam
1138 1651 1418 1711 dubitatio,
1452 1651 1603 1718 quid-

161 1755 282 1786 nam
317 1747 440 1786 esset
471 1747 655 1783 actum.
722 1733 921 1782 Deinde
955 1734 1184 1783 homines
1228 1734 1500 1803 sapientes,
1542 1752 1602 1783 ex

106 1832 325 1869 novetere
361 1819 448 1867 illa
484 1816 751 1886 disciplina
787 1816 1119 1876 iudiciorum,
1165 1816 1257 1884 qui
1303 1833 1469 1884 neque
1515 1817 1601 1881 ab-

156 1900 345 1949 solvere
397 1899 658 1950 hominem
703 1900 1114 1949 nocentissimum
1158 1911 1381 1968 possent,
1434 1916 1601 1966 neque

157 1997 301 2036 eum,
340 1979 403 2029 de
436 1999 540 2049 quo
575 1993 696 2030 esset
730 1994 838 2030 orta
886 1981 1130 2049 suspicio,
1174 1983 1390 2050 pecunia
1436 1999 1600 2050 oppu-

157 2075 382 2131 gnatum,
420 2080 475 2112 re
510 2063 599 2112 illa
633 2062 902 2130 incognita,
940 2064 1106 2132 primo
1130 2064 1468 2113 condemnare
1499 2065 1598 2112 vel-

153 2143 292 2203 lent3
342 2163 450 2195 non
483 2144 681 2213 liquere
715 2143 966 2193 dixerunt.
1032 2146 1282 2194 Nonnulli
1319 2159 1490 2196 autem
1529 2163 1600 2195 se-

262 2277 302 2327 4.
333 2276 545 2316 deberetur
719 2290 776 2316 xo.
807 2275 876 2315 sed
904 2272 1135 2330 spebtabant
1320 2277 1379 2318 15.
1406 2290 1482 2317 om.
1515 2275 1591 2314 fuit

243 2395 274 2441 4.
299 2395 436 2442 possit,
463 2396 561 2443 quod
587 2397 656 2431 AB
787 2395 937 2430 deberet
958 2398 1026 2431 AB
1130 2397 1322 2431 deberetur
1344 2397 1375 2431 R
1389 2398 1418 2430 Ο
1508 2397 1542 2433 6.
1557 2399 1597 2429 ut

149 2443 245 2477 enim
295 2444 360 2490 qui
383 2457 402 2486 η
417 2455 438 2477 κ
452 2445 508 2490 λμ
520 2455 540 2478 ν
554 2446 572 2484 ξ
782 2448 1045 2477 consueverunt
1070 2447 1132 2487 υνβ
1145 2454 1159 2476 ε
1171 2446 1216 2487 ζη
1231 2444 1280 2483 λξ
1458 2444 1490 2477 8.
1517 2453 1595 2477 esse

155 2490 272 2524 solent
295 2502 319 2523 α
336 2499 354 2523 ε
469 2504 499 2537 9.
528 2488 775 2526 nocentissimi
813 2491 932 2537 Befg
941 2491 1024 2527 hik
1037 2493 1051 2524 l
1063 2503 1130 2524 mv
1144 2501 1193 2524 αε
1260 2491 1596 2525 innocentissimum

154 2534 208 2570 ed.
255 2538 339 2580 1584
526 2550 577 2575 ιο,
632 2536 888 2581 exspectabant
1014 2542 1044 2572 A
1055 2540 1083 2571 B
1097 2539 1151 2571 Cb
1163 2550 1180 2571 c
1193 2540 1240 2578 ξτ
1403 2537 1595 2582 sperabant

153 2582 411 2630 desghiltlm
421 2596 474 2618 no
487 2597 507 2619 ι’
521 2597 538 2618 5
549 2593 563 2618 t
576 2598 600 2619 u
694 2583 904 2629 spectabant
939 2588 967 2620 R
1002 2587 1100 2629 vulg.
1316 2597 1364 2619 ιι.
1403 2589 1592 2629 corruptos

158 2640 236 2663 csse
261 2636 390 2675 putant
417 2632 445 2664 C
655 2643 698 2664 ex
721 2631 778 2664 his
825 2630 1106 2679 desgqr·stu
1121 2630 1304 2678 αδεζκμ
1428 2644 1476 2666 12.
1504 2629 1588 2677 tibi]

154 2675 207 2711 ibi
234 2684 251 2708 ε
408 2680 458 2718 13.
485 2679 556 2714 futt
596 2677 678 2713 add.
706 2690 749 2712 ex
773 2679 844 2712 AB
988 2681 1039 2717 15.
1066 2678 1119 2726 ac]
1146 2683 1183 2712 ct
1208 2687 1230 2710 u
1383 2691 1432 2724 ¹9·
1458 2677 1592 2713 factum

152 2723 263 2759 ABG
284 2728 321 2759 ct
345 2735 388 2759 ex
418 2737 438 2759 τ
580 2739 632 2762 20.
659 2725 769 2769 judic.
798 2725 937 2773 discipl.
965 2735 1017 2759 τιε

446 2824 485 2884 P
