1846 3178
197 954 260 1002 40

193 1053 265 1078 110

299 167 360 231 76
901 160 1111 202 ORAT10

296 286 414 341 nia,
453 303 554 335 non
586 284 680 333 sibi
715 301 772 332 ac
806 283 1084 334 defensioni
1117 302 1233 335 suae
1259 283 1716 339 condonatumesse

295 367 664 436 Oppianicum:
714 365 928 432 proinde
971 366 1114 432 quasi
1158 385 1264 425 non
1302 367 1417 431 satis
1457 369 1585 435 sigui
1617 386 1717 423 esse

294 445 555 503 debuerit,
605 444 669 492 ab
703 446 939 504 omnibus
978 462 1095 494 eum
1128 446 1275 495 fuisse
1308 446 1580 509 desertum,
1623 451 1717 517 qui

294 545 342 576 se
375 526 440 574 ad
473 538 747 592 patronum
781 525 930 574 illum
963 528 1264 576 contulisset.
1309 530 1431 578 Erat
1461 530 1598 578 enim
1624 533 1719 580 Ro·
1767 549 1771 553 ·

293 626 403 657 mae
427 626 618 656 summa
637 608 778 675 copia
802 621 1162 676 patronorum,
1194 610 1462 661 hominum
1483 612 1752 678 eloquen·5-

294 690 598 739 tissimorum
637 703 790 753 atque
829 691 1276 760 amplissimorum,
1327 711 1549 760 quorum
1586 705 1720 742 certe

294 771 476 839 aliquis
500 770 796 821 defendisset
822 773 1045 840 equitem
1078 774 1388 832 Romanum,
1421 774 1478 823 in
1504 774 1721 829 munici-

295 853 380 920 pio
412 869 502 902 suo
539 854 775 911 nobilem,
809 854 847 902 si
875 854 1078 902 honeste
1105 867 1323 922 putasset
1346 855 1589 904 eiusmodi
1605 873 1722 918 cap-

294 951 396 983 sam
431 952 568 1002 posse
601 934 815 983 defendi.
865 937 992 983 Nam
1022 936 1295 998 Quinctius
1327 936 1534 1004 quidem
1566 954 1724 1004 quam

294 1033 491 1064 causam
525 1034 770 1083 umquam
813 1029 959 1064 antea
995 1016 1208 1076 dixerat,
1256 1036 1419 1084 quum
1459 1035 1618 1068 annos
1658 1017 1783 1075 adm,

298 1097 670 1164 quinquaginta
706 1110 853 1147 natus
884 1099 1035 1146 esset?
1068 1099 1181 1165 quis
1205 1116 1322 1146 eum
1348 1117 1594 1167 umquam
1619 1117 1726 1150 non

297 1177 445 1226 modo
480 1177 536 1227 in
577 1179 809 1246 patroni,
853 1178 937 1227 sed
969 1179 1025 1227 in
1062 1178 1336 1228 laudatoris
1378 1192 1469 1229 aut
1499 1180 1726 1230 advocati

297 1262 406 1308 loco
437 1259 662 1308 viderat?
718 1260 810 1327 qui
844 1260 983 1327 quod
1016 1273 1173 1309 rostra
1208 1261 1403 1317 iamdiu
1433 1279 1618 1318 vacua,
1651 1262 1724 1310 lo-

297 1358 517 1408 cumque
549 1342 699 1390 illum
746 1354 857 1410 post
888 1340 1162 1390 adventum
1205 1344 1255 1389 L.
1310 1342 1473 1409 Syllae
1507 1340 1726 1400 tribuni-

298 1424 374 1472 cia
405 1440 523 1472 voce
557 1422 836 1480 desertum,
871 1435 1206 1491 oppresserat,
1241 1420 1779 1490 multitudinemque15

298 1504 630 1553 desuefactam
664 1503 765 1552 iam
797 1521 825 1551 a
860 1504 1187 1553 concionibus
1219 1503 1283 1552 ad
1316 1503 1493 1552 veteris
1525 1507 1728 1569 consue-

302 1585 495 1635 tudinis
527 1584 915 1634 similitudinem
950 1597 1224 1643 revocarat,
1290 1583 1480 1633 idcirco
1526 1584 1729 1635 cuidam

302 1666 571 1715 hominum
605 1668 775 1734 generi
809 1666 1065 1735 paulisper
1109 1664 1383 1714 iucundior
1431 1665 1544 1714 fuit.
1643 1669 1730 1715 At-

301 1765 401 1816 que
446 1748 582 1797 idem
622 1760 814 1815 quanto
861 1747 917 1797 in
962 1747 1078 1797 odio
1118 1760 1285 1816 postea
1329 1746 1430 1795 suis
1462 1746 1579 1814 ipsis
1615 1746 1732 1805 fuit,

303 1847 395 1898 per
429 1848 555 1897 quos
592 1831 647 1879 in
682 1830 912 1879 altiorem
945 1830 1113 1878 locum
1146 1826 1504 1877 adscenderat?
1556 1829 1785 1895 Nequezo

199 1935 268 1961 111
300 1911 504 1959 iniuria.
571 1910 739 1959 Facite
773 1910 939 1968 enim,
973 1922 1033 1958 ut
1064 1927 1170 1957 non
1201 1909 1364 1957 solum
1397 1925 1558 1957 mores
1583 1921 1634 1957 et
1652 1926 1730 1957 ar-

302 1992 582 2059 rogantiam
616 1991 743 2050 eius,
778 1990 862 2039 sed
893 1991 1045 2040 etiam
1078 1990 1279 2038 vultum
1312 2002 1464 2056 atque
1488 1989 1731 2038 amictum

300 2086 454 2140 atque
499 2073 641 2121 illam
683 2087 844 2139 usque
887 2070 952 2119 ad
998 2072 1120 2120 talos
1153 2070 1412 2119 demissam
1446 2087 1732 2138 purpuram

416 2201 476 2253 14.
505 2217 528 2241 a
554 2202 649 2241 trib.
755 2200 815 2243 16.
842 2203 921 2239 iam
947 2200 1211 2239 desuefactam
1325 2212 1384 2252 17.
1415 2204 1665 2237 recocaverat

415 2271 476 2311 ¹9·
511 2258 591 2296 suis
611 2256 685 2295 illis
714 2256 809 2308 ipsis
917 2269 982 2298 21.
1007 2269 1134 2294 mores
1158 2256 1242 2294 eius
1265 2261 1303 2294 et
1327 2253 1594 2306 arrogantiam

449 2390 477 2411 ι.
518 2376 792 2410 condemnatum
829 2375 1482 2422 ABabdesghiklmorstuvw
1620 2374 1652 2417 4.
1695 2384 1733 2407 se

306 2437 371 2459 om.
409 2425 438 2457 B
628 2435 677 2457 12.
729 2428 792 2454 aut
831 2435 898 2456 om.
940 2418 1545 2468 bcdefghiklnorstuvdfc
1686 2422 1733 2454 13.

334 2471 372 2504 ui
396 2482 451 2504 om
475 2479 506 2506 ε.
662 2470 714 2513 14.
738 2469 935 2502 tribunicia
963 2481 1046 2501 voce
1072 2470 1139 2503 AB
1230 2479 1251 2499 a
1280 2466 1364 2500 trib.
1389 2476 1473 2499 voce
1504 2465 1574 2499 ΒΟ
1681 2466 1732 2499 16.

309 2516 549 2550 (esuefactam
577 2517 650 2549 iam
672 2516 741 2549 AB
788 2516 856 2546 iam
886 2515 957 2547 des.
987 2517 1056 2549 ΗΟ
1102 2519 1238 2547 veteres
1264 2516 1295 2547 A
1389 2523 1436 2556 17.
1461 2516 1644 2545 revocarat
1666 2512 1737 2544 AB

307 2562 482 2596 abhivoe
529 2567 755 2596 revocaverat
778 2562 806 2594 R
829 2561 929 2605 vulg.
978 2563 1143 2606 cuiquam
1168 2571 1192 2591 α
1284 2560 1335 2596 18.
1358 2558 1549 2591 iucundior
1573 2557 1605 2591 A
1683 2569 1694 2589 ι

305 2610 378 2641 suis
404 2610 491 2653 ipsis
517 2609 591 2643 AB
651 2609 723 2642 suis
748 2608 821 2639 inis
851 2609 936 2651 ipsis
957 2608 1027 2641 Ro
1084 2608 1154 2639 fuit
1177 2617 1241 2640 om.
1265 2606 1337 2639 AB
1371 2608 1379 2616 ‘
1433 2615 1478 2638 αι.
1500 2602 1621 2650 facite]
1648 2601 1735 2635 fecit

306 2655 379 2689 AB
503 2666 620 2688 mores
646 2660 682 2687 et
706 2656 942 2697 arrogantiam
971 2656 1047 2685 eius
1077 2653 1180 2690 AB&
1289 2663 1380 2685 mor.
1404 2651 1481 2684 eius
1507 2655 1544 2683 et
1570 2660 1680 2692 ari-og.
1703 2647 1735 2682 R

306 2701 408 2753 virgg.
523 2707 558 2735 ct
578 2713 641 2734 om.
667 2699 1303 2746 acdesghiklnopqrstuvw
1408 2698 1463 2732 23.
1488 2701 1597 2742 atque
1623 2695 1734 2730 etiam

306 2745 405 2780 illam
430 2750 460 2781 A
479 2746 508 2780 B
628 2747 810 2781 dimissam
832 2748 863 2780 A
895 2755 897 2757 '
