1846 3178
329 174 426 238 174
879 170 1204 212 AnNoTATm

325 289 418 339 (cfr.
447 303 568 344 supra
595 303 630 331 e.
660 305 725 332 22.
751 291 831 332 62:
862 294 979 344 nihil,
1008 294 1126 345 nihil,
1155 296 1330 350 inquam.
1351 295 1468 339 infra.
1497 309 1532 335 c.
1560 291 1624 335 60.
1658 294 1758 345 1682

320 367 463 414 pater,
487 369 626 415 pater,
659 363 834 415 inquam.
851 376 926 415 pro
955 362 1064 401 Mur.
1092 377 1130 402 c.
1163 365 1229 418 37.
1257 364 1339 405 80:
1369 367 1499 418 cives,
1529 368 1660 420 cives,
1695 369 1760 414 ἱῃ-

325 445 459 486 quam.
493 445 567 485 pro
604 431 736 471 Flacc.
765 444 803 475 c.
841 447 875 472 1.
909 433 964 473 5:
997 434 1068 472 hoc
1094 442 1288 489 tempore,
1317 437 1411 486 hoc,
1442 440 1632 494 inquam,
1661 445 1759 479 tem-⁴

317 516 434 557 pore.
470 516 545 556 pro
573 503 664 555 Lig.
689 516 726 542 c.
758 501 798 542 5.
844 502 922 543 15:
947 519 1024 559 per
1049 513 1108 553 te,
1134 519 1213 561 per
1238 515 1297 557 te,
1327 506 1504 562 inquam.
1533 523 1570 548 c.
1603 522 1643 564 9.
1673 508 1726 550 28
1745 524 1773 565 ιιῚ

323 586 482 622 omnes,
515 586 648 613 omnes
666 603 677 622 ,
709 574 887 630 inquam.
914 589 990 628 pro
1018 575 1153 615 Deiot.
1184 591 1220 616 c.
1269 590 1331 616 12.
1372 576 1441 629 54.
1469 579 1600 631 solus,
1641 581 1759 628 solus,

323 644 499 700 inquam,
525 659 588 694 es,
622 644 668 684 C.
700 644 870 685 Caesar.
891 646 966 686 cfr.
1001 646 1181 686 Goerenz
1211 647 1262 686 ad
1290 647 1419 687 Acad.
1448 663 1490 702 p.
1521 649 1626 703 141.)
1654 650 1698 691 h.
1729 650 1761 690 l.

323 715 488 769 simplex
527 717 786 770 imperativus
812 727 952 771 negate
992 720 1080 758 iure
1106 733 1181 773 pro
1206 721 1440 776 repetitione
1467 719 1676 763 habendus
1703 730 1763 763 est

323 788 531 841 compositi
578 787 710 828 illius:
750 790 887 829 audete
929 803 1088 843 negare.
1134 792 1230 830 Mox
1276 799 1411 832 autem
1449 792 1598 833 verba:
1642 781 1758 835 ἰηέο

323 858 409 898 loco
447 859 559 900 haud
604 860 806 914 tangenda
831 860 1076 900 videbantur
1112 869 1275 917 propter
1312 863 1442 903 levem
1474 863 1763 908 nonnullorum

319 928 520 970 librorum
555 932 812 972 varietatem:
844 947 938 972 nam
967 934 1173 974 Manutius
1212 935 1361 989 optime
1401 950 1450 975 ea
1482 936 1765 991 interpretatus

320 1007 406 1040 est:
436 1001 480 1040 in
507 1001 703 1041 subselliis
730 1011 1005 1043 accusatorum
1025 1034 1037 1054 ,
1071 1006 1113 1044 in
1141 1005 1288 1059 quibus
1314 1005 1595 1060 interpellandi
1622 994 1770 1049 desen-¹

318 1074 420 1114 soris
451 1079 689 1126 potestatem
731 1087 804 1113 suo
844 1076 931 1114 iure
969 1088 1052 1114 nou
1080 1070 1296 1116 habebant.
1335 1076 1444 1130 Apte
1472 1077 1577 1117 idem
1605 1077 1766 1119 confert

317 1142 490 1182 similem
517 1141 651 1181 locum
678 1145 896 1195 profRosc.
924 1145 1018 1186 Am.
1049 1158 1086 1183 c.
1122 1159 1190 1200 27.
1221 1147 1298 1200 73:
1331 1147 1398 1186 Ita
1425 1161 1576 1204 quaero
1613 1149 1682 1189 abs
1708 1158 1761 1201 te,

319 1212 368 1254 C.
398 1215 540 1263 Eruci,
570 1215 764 1269 quomodo
779 1218 798 1253 P
824 1224 862 1254 et
885 1217 939 1254 sic
969 1226 1093 1257 tecum
1121 1231 1238 1270 agam
1261 1245 1275 1267 ‚
1305 1227 1347 1257 ut
1387 1219 1438 1258 in
1465 1233 1518 1258 eo
1545 1214 1669 1260 loco
1699 1220 1766 1260 vel

318 1285 581 1341 respondendi
606 1286 675 1324 vel
699 1285 983 1340 interpellandi
1008 1287 1079 1325 tibi
1100 1295 1328 1341 potestatem
1338 1287 1520 1339 faciam,
1548 1291 1617 1328 vel
1641 1291 1762 1329 etiam

318 1360 356 1398 si
380 1358 482 1414 quid
505 1358 613 1397 voles
635 1387 647 1409 ,
687 1358 972 1411 interrogandi.
1048 1358 1144 1397 Vid.
1165 1372 1326 1412 quoque
1355 1358 1460 1398 infra
1486 1373 1523 1398 c.
1554 1359 1624 1400 60.
1657 1359 1732 1401 168
1744 1362 1767 1400 ὲ

316 1439 441 1485 pater
465 1428 574 1468 illius
600 1429 855 1468 adolescentis
872 1458 884 1480 ‚
913 1443 1028 1484 quem
1049 1438 1217 1484 propter
1245 1430 1379 1469 animi
1416 1429 1592 1469 dolorem
1626 1441 1759 1486 perte·

318 1503 404 1541 uuis
431 1502 596 1556 suspicio
622 1502 810 1556 potuisset
836 1515 858 1539 e
873 1515 908 1540 x
934 1500 1049 1539 illo
1074 1501 1128 1538 lo
1143 1514 1198 1539 co
1226 1508 1354 1539 testem
1383 1502 1426 1540 ιή
1457 1500 1513 1544 Α.
1543 1502 1764 1567 Οἰαὲητίιιηιζ

261 1618 263 1621 v
316 1574 567 1612 constituere.-
596 1572 668 1612 ubi
696 1586 906 1626 perperam
923 1572 1130 1611 Ernestius
1142 1570 1269 1626 Sylvii
1297 1572 1567 1613 coniecturam
1592 1588 1649 1614 ex
1688 1575 1762 1615 illo

313 1645 419 1684 luctu
458 1644 668 1700 probavit:
715 1658 851 1683 sensus
884 1651 967 1683 est:
1018 1645 1078 1694 is,
1144 1657 1263 1697 quem
1306 1657 1414 1684 nunc
1450 1646 1494 1684 in
1531 1634 1763 1687 defensione

313 1722 457 1756 testem
489 1730 533 1755 ex
561 1722 696 1754 nostra
738 1721 851 1767 parte
880 1711 1162 1767 producimus,
1192 1711 1396 1767 facillime,
1422 1716 1455 1753 si
1486 1715 1570 1764 ulla
1602 1716 1761 1758 sceleris

314 1790 489 1842 suspicio
515 1787 668 1837 fuisset,
714 1800 761 1825 ex
800 1792 1074 1825 accusatorum
1117 1783 1314 1825 subselliis
1363 1799 1524 1839 surgere
1551 1790 1762 1847 potuisseti

315 1860 410 1899 add.
462 1874 496 1900 c.
540 1873 604 1913 ¹9·
639 1853 725 1909 54:
773 1857 845 1896 boc
881 1858 965 1911 ipso
1001 1858 1043 1895 in
1090 1857 1175 1896 loco
1196 1887 1208 1906 ‚
1261 1858 1377 1912 quasi
1410 1871 1502 1910 reus,
1536 1860 1626 1914 ipse
1648 1869 1759 1912 esset,

316 1932 483 1971 sedebat.

425 2002 476 2058 47
499 2032 512 2054 ,
550 2016 585 2042 1.
613 2002 717 2042 datis
742 1998 980 2053 muneribus]
1036 1999 1101 2039 Sic
1128 1999 1310 2040 dedimus
1337 2015 1382 2042 ex
1411 2003 1571 2056 optimis
1596 2004 1757 2045 nostris:

315 2073 437 2129 vulgo
476 2074 709 2128 legebatur:
751 2073 865 2111 donis
909 2071 1014 2109 datis
1053 2072 1346 2128 muneribusque
1360 2091 1372 2112 .-
1409 2074 1519 2128 quod
1562 2075 1760 2134 Graevius

317 2145 470 2200 quique
507 2159 599 2184 eum
633 2143 790 2197 sequuti
830 2149 924 2181 sunt
942 2171 953 2192 ,
989 2141 1128 2182 relicto
1162 2142 1387 2195 Lambino,
1415 2146 1484 2198 qui
1512 2144 1654 2185 melius
1680 2143 1761 2185 sala

315 2225 400 2258 tem
442 2218 556 2257 donis
597 2215 701 2254 datis
736 2214 1027 2263 coniunxerat,
1056 2214 1112 2253 sic
1152 2213 1446 2254 distinxerunt:
1488 2215 1615 2265 donis,
1655 2216 1759 2256 datis

314 2290 637 2343 muneribusque,
673 2287 789 2340 quasi
833 2285 913 2324 duo
954 2298 1179 2339 synonyma
1221 2286 1403 2326 nondum
1441 2288 1534 2326 satis
1561 2297 1760 2342 superque

317 2357 737 2410 sufficerent,tertium
756 2352 941 2395 Giceroni
970 2355 1228 2394 obtrudentes
1244 2370 1256 2394 ε
1287 2356 1356 2396 sed
1383 2357 1451 2396 ille
1478 2371 1530 2397 ne
1557 2357 1638 2396 duo
1667 2359 1759 2411 qui.-

318 2431 411 2470 dem
453 2429 600 2485 posuit,
653 2427 723 2467 sed
770 2426 882 2466 haud
926 2424 1047 2463 dubie
1087 2424 1187 2464 illud
1209 2454 1221 2473 ‚
1253 2426 1362 2480 quod
1389 2441 1498 2467 nuuc
1530 2429 1758 2470 restitutum

316 2507 403 2540 est:
434 2499 539 2539 datis
565 2497 813 2546 muneribus;
838 2497 880 2534 in
908 2508 989 2548 quo
1017 2493 1186 2544 librarii,
1219 2497 1290 2548 qui
1327 2495 1462 2536 nescio
1500 2512 1582 2552 quo
1623 2507 1761 2539 errore

313 2571 419 2610 datis
446 2583 522 2623 pro
562 2567 815 2608 substantivo
850 2565 1054 2606 habebant
1069 2594 1084 2615 ,
1123 2564 1318 2604 rariorem
1345 2565 1459 2605 verbi
1487 2581 1606 2607 usum
1624 2598 1636 2618 ,
1684 2569 1758 2609 ada

311 2641 464 2697 scripto
510 2640 589 2680 alio
638 2639 800 2679 nomine
850 2636 968 2676 donis
989 2666 1001 2688 ‚
1054 2635 1355 2690 explicuerunt,
1399 2637 1508 2678 unde
1537 2639 1604 2679 alii
1621 2631 1767 2681 'monfl

315 2719 443 2752 strum
471 2711 572 2751 illud
603 2711 783 2754 lectionis
809 2707 1056 2752 effinxerunt,
1103 2742 1105 2744 ,
