1846 3178
694 137 935 178 cm'ncA.
1432 141 1526 189 203

207 263 299 314 115,
345 260 544 317 villicum]
601 261 858 316 Quamquam
896 273 961 299 me
1003 268 1086 298 non
1128 257 1247 300 latuit
1281 256 1402 311 paulo
1434 263 1529 311 post

85 335 264 392 plurium
285 334 463 377 Cluentii
493 332 719 374 villicorum
747 331 992 372 mentionem
1019 330 1106 370 fieri
1123 359 1136 383 ,
1163 336 1298 370 tamen
1326 328 1370 368 h.
1390 327 1416 368 l.
1446 329 1532 368 sine

90 408 206 449 libris
234 410 340 459 (nam
353 405 482 461 Sylvii
501 406 645 456 codici,
677 407 709 446 si
739 412 799 446 est
826 404 928 444 liber
955 417 1078 443 manu
1096 403 1292 457 scriptus,
1321 413 1404 440 non
1429 398 1538 438 mul-

97 485 187 519 tum
214 474 403 528 tribuam)
431 475 533 516 nihil
561 475 798 517 mutandum
824 473 1052 522 videbatur,
1087 472 1195 527 quod
1224 471 1319 511 inde
1345 485 1369 510 a
1394 471 1538 509 Manu-

86 550 161 600 ῑὶο,
189 549 380 602 rescripto
398 543 546 600 plurali
573 558 741 584 numero
768 544 939 594 villicos,
973 543 1014 582 in
1045 542 1249 598 plerisque
1269 540 1361 580 edd.
1385 539 1538 579 factum

94 626 198 661 erat.
256 618 395 659 Facile
421 618 505 658 fieri
532 617 687 671 potuit,
714 623 762 655 ut
787 618 891 656 inter
918 614 1081 670 plures,
1112 614 1182 669 qui
1211 613 1319 652 rixae
1345 610 1537 651 interfue-

88 698 217 744 rant,
246 705 351 731 unus
379 694 645 729 accusaretur.

206 777 296 827 116,
332 776 393 830 14.
424 776 534 817 vobis
567 775 707 816 iisdem
721 775 903 827 fhrtasse
925 771 1133 830 patronis]
1199 771 1369 812 Accium
1399 770 1539 826 appel-

85 850 144 891 lat
161 857 201 891 et
217 851 345 890 socios
369 850 472 899 eius,
498 861 598 901 quos
626 846 786 887 eosdem
803 860 894 885 mox
915 853 1011 885 ltem
1031 843 1250 899 alloquitur
1267 844 1507 896 (subornatis)
1522 855 1539 881 τ

79 923 260 962 manino
287 921 395 961 enim
421 920 547 960 Ennii
585 919 762 974 patroni,
807 932 890 958 non
922 918 1098 958 Cluentii
1137 915 1371 956 nominandi
1395 922 1535 955 erant:

90 1009 187 1035 nam
218 991 420 1050 quomodo
461 991 551 1047 quis
583 992 803 1032 adversarii
830 991 1011 1045 patronis
1051 990 1212 1030 crimem
1239 985 1412 1040 effugere
1457 986 1538 1026 dici

86 1069 250 1120 potest?
277 1063 393 1120 quod
421 1064 462 1103 in
483 1061 645 1117 vulgata
665 1062 885 1116 scriptura:
919 1061 1030 1101 nobis
1049 1059 1189 1100 iisdem
1200 1058 1384 1114 patronis
1402 1065 1539 1112 aperte

91 1137 254 1180 inesset,
309 1134 502 1182 Accedit,
549 1133 659 1187 quod
696 1131 869 1173 Accium
909 1130 1050 1172 acerbe
1088 1135 1241 1185 pungat
1256 1158 1268 1182 ,
1313 1142 1405 1168 eum
1439 1127 1541 1170 suris

84 1210 278 1263 cuiusque
308 1219 467 1246 causam
495 1211 777 1259 suscepturum
811 1217 894 1243 esse
933 1202 1082 1242 dicens.

199 1308 261 1349 ¹7·
291 1289 548 1346 Ambivium]
605 1290 655 1331 ln
684 1304 729 1329 re
756 1303 921 1344 prorsus
939 1290 1091 1328 incerta
1117 1287 1319 1342 egregium
1348 1286 1534 1330 codicem

86 1373 280 1423 sequutus
308 1379 425 1418 sum,
462 1365 506 1403 in
531 1377 614 1418 quo
639 1362 739 1402 illud
767 1362 869 1402 bene
896 1375 937 1401 se
965 1360 1087 1400 habet
1104 1390 1116 1412 ,
1157 1359 1267 1414 quod
1294 1375 1539 1414 praenomen

89 1450 176 1477 non
204 1434 394 1487 additur,
438 1440 486 1473 ut
527 1435 571 1473 in
614 1433 778 1473 homine
823 1434 960 1487 ignoto
1005 1439 1044 1472 et
1083 1430 1280 1471 obscuro:
1332 1433 1388 1471 sic
1415 1432 1540 1473 modo

89 1507 338 1558 Ancharius,
381 1506 589 1556 Pacenus‚
622 1505 766 1556 Ceius,
806 1503 977 1553 Florus,
1009 1503 1169 1543 Ennius
1208 1501 1317 1542 nude
1342 1504 1538 1543 nominati

87 1586 217 1624 erant.
244 1600 300 1610 —
326 1577 484 1619 Eodem
518 1577 608 1618 loco
648 1579 922 1617 accusativum
949 1577 1164 1631 hospitem,
1214 1575 1451 1629 iampridem
1491 1590 1539 1615 ex

84 1652 175 1696 cod.
203 1652 246 1695 S.
273 1651 450 1690 Victoris
476 1656 688 1690 enotatum
705 1680 717 1702 ,
765 1650 816 1689 ab
849 1650 1011 1703 optimis
1042 1650 1188 1688 nostris
1226 1648 1429 1686 firmatum
1454 1661 1539 1688 esse

84 1724 284 1765 laetamur
302 1737 315 1763 ε
357 1737 452 1763 nam
490 1722 679 1776 vulgatus
720 1721 788 1762 ille
823 1723 1022 1777 genitivus
1060 1722 1271 1760 multorum
1311 1721 1504 1775 hospitum
1523 1749 1537 1773 ,

84 1797 155 1852 qui
197 1796 368 1850 lepidior
400 1796 572 1836 Graevio
600 1795 837 1847 videbatur,
866 1796 982 1835 nobis
1009 1794 1174 1849 quidem
1202 1807 1247 1833 ex
1277 1792 1537 1848 grammatica

85 1869 245 1910 ratione
272 1881 354 1907 non
384 1865 501 1906 facile
528 1866 686 1906 defendi
714 1881 828 1921 posse
856 1866 1030 1909 videtur.

208 1968 223 1994 1
237 1969 300 2010 ¹7²
347 1954 411 1996 16.
452 1955 615 1995 Vibium
653 1954 954 2011 Cappadocem]
1025 1954 1142 1994 Hanc
1177 1953 1539 2008 praestantissimo-

90 2038 184 2066 rum
216 2026 314 2065 Mss.
359 2028 597 2081 scripturam
635 2040 683 2066 eo
725 2028 859 2066 minus
887 2026 1102 2081 repudiare
1128 2026 1262 2066 visum
1302 2032 1384 2077 est,
1427 2024 1537 2078 quod

84 2104 221 2152 aperte
245 2100 478 2154 peregrinus
504 2107 591 2140 erat
618 2100 764 2141 Vibius
792 2101 867 2140 iste
884 2130 896 2153 ,
926 2100 995 2155 qui
1024 2100 1176 2140 Romae
1203 2096 1311 2154 apud
1336 2097 1538 2151 hospitem

84 2169 310 2211 habitabat.

196 2272 263 2300 22.
292 2259 368 2316 [Ac
404 2261 513 2302 heres
551 2269 607 2301 est
648 2259 866 2315 Cluentius]
941 2260 989 2300 In
1017 2259 1081 2300 his
1121 2258 1256 2300 verbis
1293 2271 1375 2297 non
1404 2254 1537 2297 solum

83 2343 229 2385 magna
255 2339 315 2372 est
343 2330 541 2372 librorum
569 2331 835 2385 discrepantia
866 2331 974 2382 (nam
1006 2339 1074 2381 at,
1114 2329 1224 2385 quod
1246 2342 1356 2368 nunc
1383 2327 1536 2381 ubique

84 2401 245 2457 legitur,
272 2404 524 2444 coniecturae
551 2402 760 2454 debetur),
798 2401 866 2442 sed
894 2402 1002 2442 bona
1029 2416 1121 2456 pars
1147 2402 1395 2456 optimorum
1423 2399 1536 2440 codi-

84 2487 180 2514 cum
205 2474 370 2515 omnino
400 2489 445 2515 ea
473 2489 558 2515 non
585 2475 789 2529 agnoscit:
825 2482 864 2514 ct
892 2475 978 2513 iure
1003 2473 1180 2527 quidem,
1211 2475 1378 2527 opinor:
1410 2485 1537 2526 quae-

85 2557 181 2584 nam
220 2545 328 2585 enim
368 2544 467 2585 haec
512 2552 571 2585 est
605 2544 780 2585 absurda
819 2545 1068 2592 criminatio,
1116 2558 1219 2597 quae
1255 2542 1408 2582 nullam
1450 2542 1535 2583 veri

85 2615 256 2669 speciem
284 2616 407 2656 habet
423 2620 442 2655 '?
492 2615 707 2668 Quomodo
733 2618 766 2656 si
795 2615 846 2654 ad
874 2615 998 2656 alium
1032 2618 1150 2656 cessit
1180 2616 1393 2667 hereditas,
1424 2615 1535 2670 quod

86 2687 210 2730 fitne
258 2695 371 2730 certe.
405 2691 651 2744 argumentis
681 2688 953 2743 demonstrari
981 2696 1154 2744 poterat,
1194 2696 1399 2730 accusator
1448 2695 1532 2730 tam
