1846 3178
326 163 419 210 208
863 160 1192 201 ADNOTATIO

325 286 421 322 tam.
494 279 717 319 Plurimum
768 293 926 333 quoque
980 281 1030 320 ad
1078 282 1207 321 locum
1254 296 1414 335 prorsus
1462 283 1749 327 restituendum

326 350 465 402 optimi
489 353 614 389 nostri
648 351 739 390 libri
766 350 966 401 fecerunt,
1003 353 1071 404 qui
1100 352 1153 391 ab
1179 353 1249 391 hoc
1275 367 1348 405 pro
1379 354 1504 392 adhuc
1535 354 1637 394 bene
1663 369 1748 395 ser·

326 427 501 460 varunt:
533 435 625 458 nam
661 434 761 472 opus
788 427 872 459 erat
898 419 973 459 hac
1005 423 1276 474 oppositione:
1315 424 1414 461 milei
1436 425 1543 463 venit
1575 426 1617 464 in
1640 438 1750 465 men-

328 498 401 528 tem
435 512 487 520 —
518 491 568 528 ab
613 491 684 528 Ιιοε
721 490 867 529 dictum
899 505 976 529 non
1003 501 1071 532 est.
1125 491 1224 530 Nam
1253 492 1380 531 Sassia
1417 493 1601 546 quidem,
1638 495 1750 549 quod

334 574 425 599 mox
456 561 745 612 cognoscimus,
780 561 881 599 inter
904 560 1174 612 quaerendum
1201 561 1322 612 idem,
1347 563 1455 616 quod
1481 563 1619 604 Cicero
1645 579 1754 606 nunc

330 629 464 677 affert,
501 630 763 670 dictitaverat.
795 653 844 661 —
877 631 943 670 Ad
972 639 1211 670 structuram
1238 647 1479 686 quamquam
1498 648 1569 688 per
1595 648 1636 675 se
1658 637 1753 676 satis

329 700 548 753 expeditam
585 701 658 741 cfr.
687 715 723 741 c.
753 700 821 741 66.
858 700 957 756 187:
1001 701 1221 742 Stratonem
1247 703 1290 742 in
1327 718 1476 743 erucem
1511 712 1639 744 actum
1674 720 1753 746 esse

327 780 472 811 scztote.

445 877 544 917 129,
586 878 645 904 12.
684 873 764 904 tum
802 865 1020 904 Stratonem
1048 887 1100 897 --
1133 865 1302 920 dixisse]
1361 866 1604 907 Confirmant
1637 867 1681 908 h.
1723 867 1753 912 l.

334 936 456 989 (quod
490 937 551 975 vix
584 937 726 974 iterum
755 934 901 972 factum
932 949 1015 974 esse
1046 935 1177 985 credo)
1194 936 1335 988 egregii
1364 935 1479 979 codd.
1508 938 1634 976 nostri
1660 951 1756 977 con-

330 1008 522 1045 iecturam
551 1006 724 1045 Schiitzii
741 1035 753 1054 ,
789 1019 910 1058 quam
939 1005 1114 1045 Orellius
1142 1007 1285 1045 iniuste
1314 1006 1485 1059 explodit
1502 1036 1514 1057 ‚
1561 1008 1644 1062 ipse
1670 1015 1756 1049 toto

329 1077 406 1115 hoc
448 1076 535 1114 loco
574 1089 708 1114 errore
742 1075 968 1127 implicitus.
1039 1076 1130 1114 Non
1172 1078 1281 1115 enim
1319 1083 1524 1130 tamquam
1563 1077 1614 1118 de
1636 1079 1758 1120 'facto

331 1147 432 1186 haec
460 1146 639 1199 quaestio
667 1145 901 1197 proferenda
928 1153 1036 1184 erat:
1066 1161 1120 1184 an
1138 1168 1184 1176 —
1212 1145 1344 1185 Strato
1373 1147 1482 1186 dixit
1506 1148 1555 1187 de
1581 1154 1759 1190 veneno?

333 1217 401 1257 sed
432 1217 487 1254 ita
504 1246 514 1263 ,
544 1222 589 1253 ut
617 1215 749 1253 statim
781 1221 1010 1267 appareret,
1062 1215 1094 1252 si
1120 1214 1198 1253 tale
1226 1216 1324 1267 quid
1350 1231 1374 1255 a
1399 1217 1530 1257 Sassia
1558 1226 1661 1259 esset
1694 1219 1758 1260 di-

336 1293 464 1338 ctum,
497 1284 598 1324 nihil
628 1285 703 1322 nisi
732 1284 942 1322 confictum
970 1283 1092 1322 fuisse
1123 1283 1384 1325 mendacium.

446 1391 512 1417 20.
547 1375 740 1431 primum]
785 1375 849 1414 Sic
889 1381 995 1413 recte
1033 1374 1214 1413 dedimus
1252 1389 1325 1428 pro
1364 1376 1525 1430 vulgato
1553 1381 1726 1434 primam
1741 1395 1755 1421 ε

333 1448 435 1489 nihil
463 1449 503 1488 h.
529 1446 559 1486 l.
593 1447 642 1486 de
672 1446 802 1499 prima
833 1445 1010 1484 oratione
1043 1446 1269 1498 quaeritur:
1316 1446 1385 1485 sed
1416 1448 1596 1502 primum
1627 1458 1760 1503 aperte

335 1523 380 1561 in
407 1509 675 1561 enumerando
705 1517 914 1570 respondet
939 1517 1118 1569 sequenti
1146 1515 1364 1571 particulae
1387 1526 1490 1572 post.

452 1615 542 1662 130,
573 1613 611 1651 5.
641 1611 783 1650 veneni
807 1611 894 1648 iam
919 1607 1102 1663 suspicio]
1146 1606 1255 1662 vulg.
1282 1608 1524 1663 suspicione:
1572 1606 1760 1647 emenda-

335 1687 443 1726 tione
480 1690 615 1723 nostra
652 1696 698 1721 ex
737 1681 897 1734 optimis
933 1679 1048 1719 codd.
1089 1680 1212 1732 petita
1251 1693 1333 1717 non
1370 1678 1499 1718 solum
1537 1679 1761 1732 euphoniae

337 1755 571 1802 consulitur,
602 1752 768 1792 molesto
794 1749 1110 1790 homoeoteleuto
1136 1750 1312 1800 sublat03
1342 1750 1410 1789 sed
1441 1752 1559 1789 etiam
1588 1750 1639 1789 ad
1669 1762 1760 1788 ora-

336 1829 454 1867 tionis
495 1839 640 1865 nexum
689 1822 817 1863 multo
859 1827 1052 1875 praestat,
1103 1820 1204 1860 illud
1240 1835 1323 1860 non
1352 1820 1539 1874 pendenti
1583 1820 1761 1860 oratione

333 1898 571 1950 (suspicione
612 1916 667 1926 —-
712 1894 889 1941 sublata)
932 1906 1014 1930 esse
1061 1892 1335 1940 enuntiatum,
1399 1891 1506 1931 unde
1558 1891 1762 1944 sequentia

337 1969 471 2006 omnia
513 1965 700 2019 pendent.
755 1965 849 2002 Mox
885 1962 1076 2000 iudicaret
1108 1975 1154 2000 ex
1188 1962 1303 2001 MSS.
1338 1962 1623 2015 praetulimus:
1666 1975 1761 2002 nam

338 2037 489 2076 Sassiae
517 2036 678 2089 aliquod
704 2034 886 2073 iudicium
915 2034 956 2072 in
972 2033 1192 2082 beneficiis,
1222 2047 1325 2087 quae
1353 2035 1394 2073 in
1412 2034 1636 2074 Stratonem
1663 2047 1760 2075 con-

339 2106 485 2147 tulerat
502 2137 513 2155 ,
543 2107 668 2145 inesse
695 2106 783 2143 ime
811 2102 1120 2143 existimabatur.

455 2219 522 2257 13¹
542 2245 554 2267 ,
592 2229 624 2254 1.
653 2212 819 2268 affirm]
850 2213 963 2251 Hanc
990 2212 1159 2251 formam
1186 2226 1277 2251 cum
1315 2211 1426 2252 libris
1452 2212 1636 2253 omnibus
1662 2213 1759 2255 reti-

338 2302 444 2329 neo:
479 2288 580 2326 inest
606 2284 816 2324 admiratio
843 2281 1038 2336 quaedam
1066 2283 1106 2320 in
1137 2283 1408 2322 coniunctim.

449 2402 488 2442 5.
514 2401 616 2441 nihil
643 2407 699 2437 est
723 2396 975 2443 auctoritatis]
1019 2394 1101 2433 Pro
1138 2395 1240 2433 nihil
1264 2393 1423 2449 Sylvius
1449 2396 1621 2452 aliquid,
1661 2396 1759 2437 Pas-

338 2475 504 2515 seratius
530 2469 711 2511 nonnihil
744 2466 933 2507 coniecit:
965 2464 1226 2518 probantibus
1255 2465 1449 2505 Lambino
1473 2473 1513 2505 et
1524 2467 1757 2520 Garatonio,

340 2546 472 2598 magni
499 2541 635 2581 iudicii
653 2541 764 2579 viris.
808 2537 961 2575 Tamen
982 2549 1064 2575 non
1090 2534 1257 2574 accedo:
1289 2550 1383 2576 nam
1404 2536 1502 2576 illud
1524 2546 1617 2590 esto,
1646 2538 1760 2592 quod

339 2612 536 2668 praecedit
569 2611 609 2653 h.
639 2610 665 2653 l.
699 2623 780 2649 non
808 2615 865 2647 est
883 2606 1132 2646 concedentis
1149 2605 1300 2658 aliquid
1328 2607 1441 2660 (quae
1469 2613 1527 2646 est
1550 2609 1759 2649 'notissima

341 2685 424 2723 eius
460 2681 726 2736 significatio),
751 2677 819 2718 sed
841 2675 1055 2717 deserentis
1089 2676 1359 2728 quaestionem
1397 2675 1570 2731 aliquam
1597 2687 1641 2721 ut
1666 2681 1759 2722 satis
