1846 3178
128 317 147 333 ἱ

196 1213 260 1259 52

170 1288 243 1340 145
274 1293 417 1338 sunt,
453 1280 598 1338 Acci,
652 1280 713 1328 de
750 1280 1022 1348 Oppianici
1058 1280 1407 1341 damnatione,
1446 1282 1706 1350 respondi:

285 202 373 236 10⁵0
895 181 1104 223 oRATlo

222 335 244 350 .
277 304 562 373 quidquam
607 306 779 356 oneris
824 305 1046 373 suscepi,
1096 323 1258 372 quum
1293 304 1382 355 ista
1418 304 1554 360 dixi,
1603 319 1711 372 quo

281 389 454 437 minus
488 389 691 437 honeste
725 387 858 435 hanc
892 404 1091 434 causam
1125 399 1175 435 et
1207 386 1364 434 libere
1397 404 1588 454 possem
1622 385 1708 434 dea

277 469 496 518 fendere.
564 467 757 532 Quodsi
802 468 950 516 velim
994 467 1251 523 confiteri,
1300 484 1379 514 me
1421 483 1618 515 causam
1650 469 1706 514 Α.
1745 509 1750 519 ,

277 552 500 600 Cluentii
553 568 694 599 nunc
739 566 996 615 cognosse,
1045 562 1192 597 antea
1228 549 1375 596 fuisse
1411 548 1466 596 in
1498 547 1587 596 illa
1621 564 1708 614 po-

275 633 445 701 pulari
482 632 748 700 opinione:
781 631 895 697 quis
931 630 1134 679 tandem
1169 629 1221 677 id
1257 630 1407 699 possit
1435 629 1728 696 reprehen-5

275 713 423 761 dere?
455 713 770 781 praesertim,
809 711 1028 769 iudices,
1073 729 1236 777 quum
1269 729 1296 759 a
1329 711 1467 760 vobis
1501 727 1706 779 quoque

275 794 393 862 ipsis
429 795 524 843 hoc
560 793 823 861 impetrari
858 793 922 841 sit
953 793 1324 859 aequissimum,
1359 791 1499 859 quod
1530 810 1620 859 ego
1655 805 1708 842 et

274 877 339 925 ab
375 877 522 926 initio
559 877 734 945 petivi,
772 889 822 924 et
858 892 998 923 nunc
1033 889 1173 943 peto,
1211 887 1291 933 ut,
1327 875 1366 923 si
1401 891 1556 941 quam
1584 872 1708 921 huic

275 958 556 1025 graviorem
612 958 673 1006 de
724 957 813 1006 illo
873 957 1066 1007 iudicio
1117 957 1412 1024 opinionem
1455 953 1741 1013 attulistis,-

277 1039 423 1098 hanc‚
450 1057 594 1088 causa
622 1052 877 1108 perspecta
904 1053 1056 1107 atque
1081 1039 1220 1088 omni
1258 1038 1467 1087 veritate
1493 1036 1760 1104 cognitane

277 1117 551 1187 deponatis.

405 1201 569 1254 Nunc,
604 1198 848 1266 quoniam
882 1197 946 1246 ad
982 1199 1165 1257 omnia,
1207 1217 1337 1266 quae
1370 1200 1456 1248 abs
1492 1212 1539 1249 te
1573 1199 1708 1250 dicta

281 1362 570 1410 confitearis
606 1375 924 1420 necesseest,
964 1375 1011 1410 te
1046 1362 1339 1429 opinionem
1384 1365 1607 1412 multum
1640 1364 1712 1424 se·-

276 1443 482 1504 fellisse,
517 1443 657 1509 quod
691 1444 1016 1501 existimaris,
1052 1460 1132 1490 me
1164 1461 1361 1492 causam
1394 1448 1448 1493 A.
1485 1444 1764 1495 Cluentii&

277 1545 383 1576 non
430 1525 561 1573 iacto
607 1525 743 1580 eius,
786 1525 871 1573 scd
906 1527 1012 1591 lege
1047 1525 1384 1573 defensurum.
1451 1527 1580 1574 Nam
1614 1525 1721 1575 hoe-

275 1624 512 1676 persaepe
562 1605 752 1664 dixisti,
800 1607 891 1654 tibi
945 1607 1014 1654 sic
1060 1607 1374 1664 renuntiari,
1410 1625 1490 1655 me
1524 1608 1711 1656 habere

277 1692 335 1739 in
367 1690 538 1738 animo
586 1707 784 1737 causam
820 1690 950 1736 hanc
990 1689 1238 1756 praesidio
1273 1690 1390 1755 legis
1426 1689 1720 1738 defendere..

280 1774 425 1820 Itane
484 1773 586 1819 est?
629 1771 692 1818 ab
735 1770 907 1817 amicis
953 1769 1299 1836 imprudentes
1332 1768 1565 1817 videlicet
1597 1758 1721 1836 pro?

278 1851 483 1900 dimur?
531 1863 582 1899 et
626 1862 699 1899 est
743 1852 906 1898 nescio
952 1851 1066 1916 quis
1111 1850 1172 1897 de
1223 1850 1314 1908 iis,
1363 1867 1489 1916 quos
1528 1837 1784 1899 amicosw'

280 1945 472 1981 nostros
505 1931 840 1984 arbitramur,
875 1931 965 1996 qui
1001 1943 1169 1979 nostra
1203 1931 1409 1979 consilia
1443 1929 1507 1978 ad
1540 1929 1710 1978 adver-

280 2014 431 2063 sarios
465 2012 685 2061 deferat?
719 2012 966 2074 Quisnam
1000 2011 1094 2059 hoc
1115 2012 1206 2060 tihi
1226 2011 1565 2060 renuntiavit?
1597 2011 1710 2078 quis

391 2140 430 2191 4.
459 2154 695 2193 cognoscere
767 2139 954 2191 opinione
982 2138 1162 2192 populari
1322 2139 1360 2179 8.
1389 2139 1467 2178 huc
1486 2141 1710 2193 graviorem

400 2198 461 2235 13.
492 2197 538 2234 T.
570 2196 667 2233 Acci
695 2195 817 2243 (Atti)
976 2194 1032 2243 14.
1067 2195 1278 2234 confiteare
1436 2209 1496 2247 ¹9·
1529 2195 1710 2234 videlicet

394 2251 666 2304 imprudentes
800 2263 867 2287 20.
897 2250 1043 2287 amicos
1071 2249 1186 2287 nobis
1319 2263 1385 2288 22.
1415 2250 1489 2298 tibi
1516 2249 1593 2288 hoc

383 2359 411 2382 1.
448 2346 528 2393 ista]
568 2348 618 2380 ita
651 2346 724 2379 AB
863 2345 896 2388 4,
931 2356 1097 2388 cognosse
1134 2345 1439 2385 ΑΙιίΙτὶηουξτ
1538 2357 1711 2389 cognosce

287 2398 349 2443 Bp
423 2404 633 2439 cognoscere
660 2391 801 2436 Rvulg.
942 2391 1018 2437 ina]
1048 2405 1087 2424 oa
1113 2393 1212 2439 Baq
1279 2393 1441 2437 populari
1462 2392 1633 2436 opinione
1647 2394 1722 2427 AB·

288 2446 494 2487 opinhpofh
518 2441 590 2474 130
707 2450 724 2482 7
769 2440 959 2482 impetrare
982 2451 1002 2471 ν
1033 2438 1081 2471 ed.
1115 2441 1199 2481 1584
1225 2446 1351 2480 οπρσ
1420 2449 1484 2482 ego
1509 2444 1545 2472 et
1571 2451 1636 2472 om.
1657 2451 1714 2478 ας

289 2492 323 2526 8.
347 2490 432 2523 hnic
465 2488 533 2521 AB
613 2485 684 2518 huc
726 2486 798 2518 Ro
959 2497 993 2528 9.
1028 2486 1238 2518 attulissetis
1274 2486 1339 2518 AB
1460 2487 1508 2519 ¹3.
1535 2487 1616 2519 Aeci
1643 2487 1715 2520 AB

289 2537 331 2569 Τ.
360 2536 440 2568 Acci
464 2535 533 2568 ΒΟ
677 2531 726 2572 14,
762 2531 962 2563 confitearis
989 2533 1061 2565 AB
1107 2534 1295 2564 confiteare
1319 2532 1392 2565 ΒΟ
1534 2543 1583 2576 17.
1621 2532 1714 2566 dixti

293 2581 521 2624 Quinctil,V,
544 2580 596 2612 13.
623 2579 677 2622 [27.
702 2578 759 2618 (in
785 2576 994 2624 quibusdam
1020 2577 1139 2620 codd)
1268 2589 1318 2621 19.
1343 2577 1589 2620 imprudentes
1614 2578 1715 2612 vide-

290 2629 379 2661 licet
401 2630 431 2664 A
461 2625 631 2668 Quinctil.
681 2624 848 2656 videlicet
875 2623 975 2667 impr.
1001 2625 1073 2658 ΒΟ
1118 2623 1361 2667 imprudentes
1386 2635 1452 2659 om.
1487 2625 1518 2657 B
1609 2637 1653 2658 20
1683 2626 1714 2658 is

291 2685 346 2721 pr
438 2672 493 2704 lus
518 2669 1033 2716 ABadefgqtvoed'aegzttt
1222 2681 1274 2703 21.
1300 2675 1439 2702 nostros
1462 2671 1532 2704 AB
1608 2672 1714 2706 nobis

293 2720 365 2756 Ro
501 2729 554 2751 22.
583 2717 650 2750 hoc
678 2716 747 2749 tibi
774 2716 878 2749 ABa
970 2718 1039 2749 tibi
1063 2716 1131 2749 hoc
1156 2717 1225 2750 Ro
