1846 3178
588 144 701 186 PRO
729 143 784 184 A.
814 141 1118 184 CLUENTIO.
1483 159 1569 194 121

137 268 527 331 suase-‘utinam
543 307 559 331 ,
590 287 748 338 quam
782 279 894 319 tum
925 257 1014 317 ille
1045 265 1266 326 vivebat,
1300 264 1455 315 vitam
1475 283 1576 316 esse

138 336 498 411 animatur,
534 349 761 401 damnati
779 389 791 411 ,
838 351 1043 411 exsulis,
1079 349 1264 400 deserti
1296 348 1361 398 ab
1410 349 1573 398 omni-

134 434 265 487 bus?
288 448 448 502 'quem
482 447 692 510 propter
724 434 885 484 animi
931 433 1373 504 importunitatem
1423 447 1572 482 nemo

133 514 356 584 recipere
399 527 555 574 tecto,
605 533 752 565 nemo
784 515 949 575 adire,
986 532 1135 565 nemo
1168 513 1384 582 alloqui,
1419 531 1570 563 nemo

108 595 390 667 §adspicere
420 599 606 648 vellet?
636 599 803 647 Huius
835 599 994 666 igitur
1025 598 1159 648 vitae
1190 597 1408 646 Habitus
1441 597 1572 646 invi-

135 677 330 730 debat?
405 681 560 730 Hunc
603 681 643 730 si
683 681 862 735 acerbe
894 692 945 729 et
978 681 1182 749 penitus
1213 678 1418 739 oderat,
1455 697 1561 729 non
1585 690 1654 732 ¹7¹

133 778 254 812 eum
296 781 453 831 quam
495 762 775 813 diutissime
818 762 984 811 vivere
1017 762 1142 811 velle
1174 760 1417 810 debebat?
1448 760 1574 810 huic

131 854 348 896 moi-tem
388 846 678 896 maturabat
721 845 983 903 inimicus,
1027 842 1168 912 quod
1201 843 1279 891 illi
1313 860 1481 896 unum
1515 843 1572 893 in

133 928 278 978 malis
323 940 430 978 erat
470 929 763 997 perfugium
807 927 1141 976 calamitatis?
1213 925 1319 990 Qui
1365 926 1405 974 si
1439 924 1569 992 quid

83 1010 293 1066 inanimi
326 1023 378 1060 et
405 1001 607 1060 virtutis
641 1010 908 1069 habuisset,
939 1007 1023 1072 (ut
1054 1007 1205 1058 multi
1239 1025 1383 1077 saepe
1415 1007 1568 1057 fortes

130 1092 228 1141 viri
274 1092 331 1142 in
371 1091 619 1146 eiusmodi
664 1089 872 1153 dolore)
916 1103 1131 1142 mortem
1177 1090 1272 1139 sibi
1307 1091 1412 1159 ipse
1446 1107 1567 1139 con-

128 1174 314 1231 scisset:
348 1173 472 1223 huic
506 1173 839 1242 quamobrem
863 1169 918 1222 'id
944 1173 1094 1222 vellet
1117 1172 1355 1222 inimicus
1372 1172 1568 1231 offerre,

125 1255 268 1324 quod
301 1257 406 1326 ipse
439 1257 535 1306 sibi
559 1269 733 1328 optare
750 1256 985 1304 deberet?
1018 1256 1147 1304 Nam
1182 1273 1324 1303 nunc
1356 1253 1569 1323 quidem

125 1337 256 1411 quid
291 1337 496 1399 tandem
529 1338 608 1387 illi
643 1337 765 1386 mali
801 1355 933 1393 mors
966 1336 1176 1386 attulit?
1210 1336 1306 1385 nisi
1341 1337 1470 1385 sorte
1488 1337 1594 1384 in-'

0 1447 2 1450 v
77 1419 256 1488 15eptis
299 1420 487 1469 fabulis
539 1420 803 1481 ducimur,
851 1433 911 1470 ut
942 1420 1283 1469 existimemus
1315 1419 1466 1469 illum
1499 1419 1567 1469 acl

123 1503 312 1552 inferos
356 1504 637 1573 impiorum
685 1504 936 1573 supplicia
993 1503 1238 1572 perferre,
1296 1519 1354 1551 ac
1398 1503 1564 1571 pluris

123 1585 232 1635 illic
280 1585 541 1637 offendisse
593 1585 843 1644 inimicos,
889 1603 1047 1653 quam
1092 1584 1495 1651 hicreliquisse:
1530 1604 1561 1634 a

120 1685 313 1728 socrus,
362 1669 427 1718 ab
472 1687 717 1728 uxorum,
740 1667 791 1716 ¹a
826 1667 1019 1726 fratris,
1064 1685 1093 1716 a
1127 1667 1351 1716 liberum
1384 1667 1561 1736 poenis

120 1763 294 1805 actum
324 1768 425 1801 esse
457 1750 788 1821 praecipitem
822 1750 879 1799 in
910 1751 1268 1799 sceleratorum
1301 1749 1467 1799 sedem
1502 1768 1561 1800 ac

65 1832 389 1900 aorcgionem.
467 1833 613 1896 Quae
659 1832 699 1881 si
745 1831 867 1880 falsa
916 1844 1058 1893 sunt,
1104 1831 1159 1879 id
1204 1831 1346 1900 quod
1387 1848 1560 1881 omnes

117 1913 446 1982 intelligunt,
481 1913 610 1982 quid
642 1914 689 1962 ei
727 1913 930 1964 tandem
963 1914 1158 1983 eripuit
1191 1911 1336 1974 mors,
1356 1926 1559 1984 praeter

226 2037 268 2080 5.
309 2039 505 2091 respicere
652 2053 691 2092 9.
734 2038 963 2093 perfugium
993 2046 1079 2078 erat
1157 2060 1162 2065 ·
1234 2055 1293 2082 10.
1321 2055 1369 2080 ac
1397 2041 1557 2081 virtutis

231 2093 295 2146 ¹4·
336 2094 493 2147 ineptiis
523 2108 569 2133 ac
595 2093 740 2134 sabulis
889 2093 950 2133 15.
982 2095 1087 2148 apud
1116 2096 1263 2134 inferos
1405 2111 1466 2152 19.
1493 2104 1557 2136 at·-

225 2165 303 2206 que
323 2151 528 2204 regionem
640 2164 704 2190 21.
731 2149 893 2189 tandem
922 2150 1032 2191 aliud
1058 2165 1165 2191 mors
1192 2153 1338 2206 eripuit

209 2296 240 2323 1.
265 2284 331 2320 illa
348 2309 360 2326 ,
381 2294 452 2330 qua
477 2293 495 2316 ε
543 2294 613 2330 qua
640 2282 921 2332 b—lqwoedc
1029 2295 1062 2321 2.
1087 2283 1269 2331 omnibus]
1295 2283 1506 2318 hominibus
1531 2295 1556 2317 α

111 2331 147 2376 4,
175 2331 275 2366 adire
293 2335 345 2365 θι
364 2331 611 2378 κλμνξρστ
658 2330 784 2364 audire
808 2329 1151 2375 Παβγδεζοπς
1201 2331 1430 2378 5.adspicere
1454 2333 1556 2371 AB}

113 2380 292 2424 respicere
317 2380 347 2414 R
368 2380 461 2424 vulg
614 2376 706 2415 nab,
736 2378 832 2411 vitae
855 2379 925 2413 AB
1091 2391 1126 2425 9.
1155 2383 1233 2412 erat
1256 2378 1458 2424 perfugium
1487 2380 1555 2413 AB

110 2424 234 2473 δραε
250 2440 268 2469 η
285 2428 339 2466 νξ
407 2426 497 2472 perf.
523 2430 601 2459 erat
623 2425 654 2459 R
676 2425 794 2470 vulg.‘
878 2430 981 2462 10.et
1001 2426 1070 2460 AB
1116 2437 1157 2459 ac
1178 2427 1250 2461 Ro
1348 2426 1556 2459 nmauferre

110 2473 217 2517 ABb
239 2476 377 2518 (corr.)
477 2474 527 2506 1-5.
556 2472 690 2517 ineptis
718 2472 851 2506 fabulis
876 2473 948 2506 AB
995 2474 1144 2519 ineptiis
1160 2484 1201 2506 ac
1224 2476 1350 2518 (atque
1377 2471 1554 2520 bcdefg

111 2518 232 2564 Ιείδζ)
287 2521 421 2554 fabulis
446 2520 513 2555 ΒΟ
612 2519 657 2552 ad
686 2519 754 2552 AB
800 2519 896 2566 apud
921 2521 993 2554 Ro
1168 2523 1218 2555 16.
1247 2519 1493 2566 improborum
1520 2533 1553 2554 w

112 2577 165 2611 17.
194 2568 400 2614 reliquisset
425 2568 493 2602 AB
540 2565 574 2614 a]
607 2579 652 2599 an
675 2566 876 2600 ABb-—m
924 2577 1025 2599 socru
1053 2568 1112 2601 Bb
1139 2572 1272 2610 (corr.)
1348 2570 1396 2602 18.
1424 2567 1483 2615 ab]
1507 2579 1553 2600 au

110 2613 217 2657 ABb
242 2617 377 2659 (⁶0er
425 2614 547 2648 uxoris
576 2617 644 2650 AB
747 2624 765 2645 a
811 2624 856 2647 au
884 2615 984 2648 ABb
1013 2615 1106 2657 (bis)
1178 2614 1374 2648 liberorum
1401 2618 1553 2664 ᾳαβεη

115 2672 166 2706 19.
191 2673 232 2694 ac
258 2663 328 2695 AB
375 2667 483 2707 atque
509 2662 578 2695 Ro
647 2676 701 2697 αι.
732 2662 764 2695 ei
809 2661 905 2695 enim
931 2674 956 2696 α
1003 2663 1148 2698 tandem
1175 2662 1310 2709 eripuit
1335 2674 1429 2696 mors
1455 2662 1550 2697 ABb

110 2718 161 2747 ce
209 2709 354 2743 taudem
379 2709 479 2744 aliud
503 2719 596 2744 mors
627 2710 762 2755 eripuit
784 2710 858 2744 Ro
