1846 3178
313 166 407 215 206
849 162 1174 202 ADNOTATlO

306 282 415 338 quod
443 281 564 323 latere
596 283 639 322 in
678 280 840 336 vulgata
875 283 1095 335 scriptura:
1146 281 1196 320 de
1238 281 1383 320 assecla
1425 281 1597 335 quodam
1623 295 1738 324 seruo

304 367 394 404 suo3
439 367 541 407 quae
579 353 676 407 quid
713 353 788 392 sibi
821 352 942 403 velit,
979 366 1061 391 non
1103 351 1305 405 intelligo:
1345 354 1549 391 cuiusnam
1588 353 1739 394 assecla

304 423 494 464 dicatur?
535 423 740 463 Sassiaene
782 439 834 463 an
869 425 1097 463 Stratonis?
1162 429 1202 461 et
1234 423 1324 476 quis
1358 423 1535 462 diceret:
1591 424 1738 464 assecla

303 495 478 550 quidam
512 498 677 534 servus?
704 514 757 525 -
786 494 943 533 Nomen
971 502 1103 532 autem
1128 492 1239 532 haud
1261 491 1382 531 dubie
1413 506 1598 546 graecum
1623 501 1735 544 erat,

304 565 418 603 cuius
439 579 575 604 veram
600 565 769 605 formam
790 563 904 619 (nam
921 564 1037 605 valde
1056 565 1206 603 incerta
1224 568 1280 602 est
1303 576 1349 601 ea
1361 589 1375 611 ,
1398 576 1518 616 quam
1539 562 1738 618 dedimus)

304 635 486 675 nondum
508 636 688 677 divinare
713 637 892 691 contigit.

415 722 505 772 125,
537 723 576 762 5.
619 732 661 763 ut
692 724 886 775 arbitror,
924 723 1150 762 amtor-itate
1183 720 1464 761 advocatorum
1493 728 1533 760 et
1564 720 1623 761 υἱ
1641 729 1724 762 tor-⁴

303 801 516 833 mentorum
559 793 743 848 adducti]
787 793 899 832 Nihil
939 794 980 832 in
1015 793 1079 831 his
1112 791 1342 831 novandum
1386 797 1469 829 est:
1533 790 1603 830 sed
1640 805 1734 832 cum

302 864 431 904 ironia
462 866 536 904 ista
570 865 853 918 proferuntur:
898 878 991 902 nam
1018 864 1050 902 si
1080 862 1177 916 quid
1205 862 1367 901 miseros
1399 859 1489 899 illos
1524 860 1577 900 ad
1611 862 1735 902 confi·-

302 933 423 972 tenda
461 935 580 973 etiam
618 948 720 988 quae
754 947 836 972 non
873 933 1184 983 commisissent,
1233 944 1467 984 permovere
1509 933 1731 986 potuisset,

302 1003 526 1044 adduxisset
556 1012 662 1044 certe
697 1004 906 1044 auctoritas
941 1003 1220 1042 advocatorum
1259 1010 1297 1040 et
1329 1004 1390 1041 vis
1427 1012 1731 1043 tor-mentorume

301 1089 427 1129 quum
455 1082 587 1115 tamen
618 1074 718 1114 nihil
746 1075 837 1114 fassi
871 1075 976 1125 sint,
1011 1089 1102 1113 cum
1139 1074 1282 1113 acerbo
1312 1075 1396 1113 risu
1421 1073 1521 1113 illud
1549 1079 1733 1113 constan—

299 1146 379 1184 tiae
402 1159 562 1184 causam
594 1144 714 1184 fuisse
741 1145 836 1183 dicit
860 1153 1018 1195 orator,
1055 1145 1163 1198 quod
1199 1146 1362 1184 minime
1387 1159 1469 1185 esse
1496 1146 1649 1199 potuit,
1692 1146 1737 1184 et

298 1229 434 1255 veram
465 1228 623 1254 causam
639 1245 649 1263 ,
682 1229 803 1268 quam
830 1222 969 1268 sponte
999 1217 1166 1269 quisque
1191 1215 1463 1257 intellecturus
1486 1223 1594 1268 erat,
1634 1216 1732 1255 reti-

298 1293 376 1338 cet,
403 1286 655 1325 innocentiae
673 1285 969 1324 conscientiam.

413 1390 474 1416 12.
510 1376 723 1416 adversari
750 1373 957 1430 advocati]
989 1377 1135 1430 Magno
1166 1391 1359 1417 consensu
1390 1378 1561 1419 editores
1588 1363 1728 1421 omnes

296 1447 487 1489 carolum
511 1447 755 1502 Stephanum
786 1447 943 1500 sequuti
979 1455 1095 1499 sunt,
1138 1451 1207 1502 qni
1237 1451 1389 1502 primus
1430 1451 1609 1489 aversari
1643 1449 1728 1490 edi-

294 1520 355 1560 dit
378 1534 452 1574 pro
471 1533 530 1568 eo,
554 1517 663 1572 quod
690 1519 733 1558 in
760 1521 926 1559 vetustis
953 1519 1042 1564 edd.
1070 1519 1298 1574 legebatur:
1337 1522 1576 1562 adversarii.
1623 1519 1730 1562 Con'·

294 1592 395 1632 cedo
424 1590 505 1631 hoc
535 1590 743 1630 ferendum
763 1605 845 1631 non
874 1591 1016 1631 fuisse:
1055 1606 1127 1631 cur
1149 1600 1284 1632 tamen
1308 1593 1464 1648 longius
1494 1607 1518 1632 a
1537 1594 1731 1648 scriptura

294 1663 364 1703 illa
391 1676 589 1703 recessum
620 1669 680 1702 est
696 1692 707 1712 ‚
747 1676 869 1717 quam
903 1677 1004 1716 opus
1038 1670 1122 1703 erat
1140 1667 1159 1703 ἲ
1193 1665 1333 1704 Nonne
1369 1666 1463 1704 satis
1493 1664 1720 1715 videbatur,

295 1734 508 1775 advocatos
541 1734 749 1774 adversari
785 1734 825 1775 h.
850 1748 885 1773 e.
918 1734 1087 1786 hortari,
1109 1749 1160 1774 ne
1187 1734 1296 1775 ultra
1323 1739 1613 1790 quaereretur?
1644 1735 1732 1775 Cur

294 1808 488 1846 continuo
519 1807 700 1846 aversari
736 1819 801 1845 eos
826 1819 986 1846 necesse
1017 1813 1126 1856 erat,
1167 1807 1275 1861 quod
1301 1806 1573 1848 vehementius
1598 1812 1727 1859 esset,

296 1890 417 1930 quam
442 1876 572 1931 ipsum
603 1874 726 1927 illud,
764 1875 874 1929 quod
902 1876 1106 1930 sequitur:
1142 1886 1183 1916 et
1213 1879 1297 1917 iam
1323 1879 1401 1917 vix
1421 1877 1540 1929 serre
1574 1890 1688 1931 posse
1706 1878 1728 1916 ?

294 1946 403 1986 Vera
456 1946 653 2000 scriptura
701 1959 726 1984 a
764 1945 879 1985 nobis
921 1953 1078 2000 recepta
1137 1946 1281 1987 diserte
1322 1947 1463 2001 optimi
1504 1946 1728 1987 Florentini

295 2024 337 2056 et
373 2016 545 2056 aliorum
576 2017 751 2057 duorum
790 2019 1024 2057 auctoritate
1059 2018 1265 2059 firmatur:
1312 2017 1456 2072 reliqui
1495 2031 1633 2058 omnes
1679 2017 1725 2058 in

297 2090 575 2128 terminatione
605 2089 807 2128 aberrant.

409 2172 510 2223 126,
546 2186 609 2212 11.
648 2173 700 2228 Q.
726 2173 905 2229 Metello]
949 2175 1226 2226 Praenomen‚
1278 2173 1387 2228 quod
1423 2188 1448 2214 a
1489 2173 1603 2215 nullo
1633 2174 1722 2219 cod.'

297 2243 430 2293 abest,
460 2244 637 2282 restitui:
677 2258 760 2283 non
789 2244 879 2285 ideo
907 2246 1119 2285 Hortensio
1147 2259 1305 2299 quoque
1329 2258 1446 2283 suum
1476 2251 1560 2284 erat
1577 2244 1726 2284 adden-

295 2313 420 2364 dum,
466 2313 575 2366 quod
610 2313 786 2354 Orellius
823 2315 1052 2354 contendit.-
1096 2328 1191 2353 nam
1230 2315 1284 2366 Q.
1321 2313 1532 2366 Metellus,
1571 2314 1724 2353 Consul

297 2383 391 2422 anni
413 2382 506 2427 683.
529 2398 554 2422 a
579 2383 626 2427 L.
652 2383 840 2437 Metello,
874 2387 943 2439 qui
968 2384 1192 2438 insequenti
1228 2397 1334 2424 anno
1366 2398 1459 2424 cum
1485 2384 1538 2436 Q.
1567 2386 1721 2425 Marcio

297 2454 447 2494 Consul
467 2462 576 2507 erat,
605 2455 905 2510 distinguendus
926 2463 1025 2496 erat.

410 2554 481 2596 ¹27
497 2570 509 2592 ‚
557 2556 597 2596 7.
646 2555 700 2581 ex
743 2543 853 2581 omni
891 2551 1014 2597 parte
1059 2536 1286 2595 dentatam]
1346 2540 1486 2581 Invitis
1520 2540 1722 2581 codicibus

295 2611 441 2650 nostris
460 2610 564 2650 hanc
593 2612 830 2665 scripturam
860 2625 906 2651 ex
934 2612 1139 2652 Prisciano
1164 2611 1338 2664 recipere
1363 2611 1629 2651 necessarium
1659 2612 1723 2651 vi-

297 2678 490 2720 debatur:
522 2696 576 2722 ex
600 2682 712 2722 omni
730 2689 851 2737 parte
879 2681 1053 2722 dentium
1081 2679 1193 2721 nullo
1221 2693 1337 2722 sensu
1365 2686 1457 2720 ante
1485 2681 1722 2724 Ernestium
