1846 3178
1662 0 1846 157 ³*

429 305 482 360 87
504 335 519 357 ,
558 319 618 348 xo.
651 322 763 364 quem
791 308 909 348 iidem
933 309 999 348 isti
1047 332 1101 341 -
1127 305 1447 367 subscripserunt]
1473 311 1555 350 Diu
1581 325 1747 367 suspen-

322 389 389 416 sus
415 376 522 417 haesi
566 379 608 417 in
646 381 746 417 mira
773 378 891 418 huius
923 378 999 418 loci
1032 380 1228 420 scribendi
1255 382 1475 431 varietate,
1510 396 1630 436 quam
1663 382 1744 425 alto

321 446 477 487 silentio
506 449 853 502 praetermiserunt
879 452 1114 489 recentiores
1145 452 1400 504 interpretes,
1431 454 1670 505 scribentes,
1698 459 1747 499 ut

330 157 418 251 ἰφ
862 187 1196 230 ΑΒΝΟΤΑΤιο

321 517 526 571 vulgatum
573 526 658 558 est:
715 520 918 558 aerarium
958 522 1216 574 reliquissent.
1310 522 1490 576 Denique
1528 525 1745 565 sententiae

322 590 423 628 ratio
464 590 580 640 vicit,
626 597 672 629 ut
714 590 945 644 exquisitam
985 593 1318 643 praestantiorum
1353 593 1468 632 codd.
1506 596 1744 648 scripturam

320 659 575 712 praeferrem.
633 660 741 711 Quid
773 662 904 700 enim?
960 660 1061 700 Num
1080 660 1177 700 haec
1215 669 1301 700 erat
1325 663 1539 715 ignominia
1573 665 1744 718 relinqui

319 732 365 769 in
393 732 553 770 aerariis
574 761 586 781 ,
616 732 650 770 si
676 732 744 785 qui
772 731 937 771 libertus
959 740 1027 771 aut
1058 734 1288 786 peregrinus
1318 733 1369 772 ab
1397 734 1510 773 initio
1538 734 1586 774 iis
1604 748 1745 781 aecen-

323 801 517 841 sebatur‘?
582 802 681 842 Erat
722 803 830 842 haud
870 804 1015 855 dubie,
1047 806 1078 843 si
1118 812 1212 843 nota
1251 804 1485 853 accedebat,
1534 806 1566 844 si
1604 805 1748 845 diserte

320 874 642 913 subscribebatur
683 889 705 914 a
735 876 974 915 Censoribus
1001 876 1172 930 relinqui
1199 890 1290 915 eum
1318 877 1420 916 inter
1444 865 1615 916 aerarios
1633 905 1646 926 ‚
1683 877 1746 915 in-

320 943 489 996 dignum
519 958 626 995 esse,
655 945 724 997 qui
751 946 790 983 in
820 945 971 984 tribum
998 948 1253 999 reciperetur.
1332 947 1418 985 Hoc
1464 946 1580 995 dicit,
1624 947 1746 1000 quam

322 1015 500 1054 dedimus
513 1045 523 1061 ,
559 1018 779 1068 scriptura:
812 1018 1011 1073 reliquisse
1036 1019 1349 1073 subscripserunt,
1379 1019 1420 1057 in
1450 1032 1529 1072 qua
1557 1018 1746 1057 omissum

320 1100 540 1139 pronomen
568 1101 607 1126 se
635 1086 734 1126 nihil
761 1087 881 1127 habet
909 1088 1135 1128 offensionis
1158 1091 1197 1128 in
1230 1091 1445 1137 Cicerone,
1497 1089 1565 1142 qui
1595 1089 1745 1128 centies

319 1159 375 1196 sic
403 1155 581 1210 loquitur
605 1171 715 1195 more
743 1158 1007 1198 Graecorum:
1039 1160 1093 1198 sic
1118 1174 1192 1212 pro
1211 1161 1318 1198 Mur.
1347 1174 1386 1198 c.
1410 1159 1450 1202 5.
1472 1173 1522 1213 7:
1556 1157 1625 1214 qui
1649 1166 1744 1211 grad

319 1229 479 1267 vissime
510 1236 548 1266 et
573 1228 816 1266 acerbissime
833 1229 953 1280 serre
979 1229 1100 1268 dixit.
1123 1243 1196 1281 pro
1223 1230 1324 1268 Sest.
1356 1244 1390 1268 c.
1411 1244 1449 1283 7.
1475 1229 1552 1268 15:
1582 1229 1750 1268 hunc—'-

324 1298 398 1337 Cn.
443 1298 655 1352 Pompeius
685 1319 735 1327 --
770 1297 1028 1345 devinxerat,
1073 1299 1174 1336 nihil
1218 1300 1259 1337 ἰη
1296 1299 1495 1338 tribunatu
1523 1307 1658 1338 contra
1684 1311 1747 1338 me

320 1382 399 1406 esse
410 1369 637 1419 facturum.
657 1389 710 1396 —-
763 1366 881 1405 Illam
909 1367 1068 1419 quidem
1097 1367 1291 1406 rationem
1318 1382 1440 1420 quam
1478 1371 1742 1421 exposuimus,

321 1453 458 1480 veram
485 1440 603 1479 huius
630 1438 706 1478 loci
735 1453 816 1478 esse
842 1453 1072 1479 censemus:
1106 1439 1203 1478 libet
1222 1447 1355 1478 tamen
1371 1437 1535 1478 alteram
1552 1439 1744 1493 proferre,

319 1511 438 1565 longe
478 1512 702 1564 diversam,
733 1527 836 1566 quae
862 1513 895 1551 si
922 1526 983 1551 res
1011 1513 1106 1565 ipsa,
1137 1513 1281 1566 quibus
1307 1512 1460 1562 nititur,
1489 1512 1613 1565 magis
1637 1525 1747 1551 com-

319 1591 454 1638 pertae
484 1592 612 1624 essent
634 1591 673 1623 et
700 1584 890 1632 firmatae,
919 1583 1083 1623 fortasse
1111 1584 1234 1638 magis
1281 1590 1413 1637 posset
1438 1582 1608 1636 placere.
1666 1582 1749 1640 Nos

322 1669 458 1696 omnes
500 1655 699 1695 aerarium
730 1668 809 1707 pro
846 1654 1008 1692 homine
1052 1655 1264 1707 accipimus
1312 1653 1470 1691 infimae
1512 1651 1749 1705 dignitatis:

320 1725 418 1780 quid
451 1727 484 1764 si
511 1726 628 1764 fiscus
655 1723 839 1779 publicus
872 1731 994 1772 esset,
1029 1738 1148 1777 quem
1184 1722 1312 1762 scriba
1353 1721 1571 1762 deseruisse
1607 1736 1750 1776 argue-

319 1801 458 1837 retur?
522 1798 651 1837 Erant
677 1795 842 1846 scribae,
871 1803 916 1835 ut
947 1796 1039 1834 satis
1067 1803 1207 1834 notum
1235 1802 1308 1845 est,
1335 1801 1374 1833 et
1401 1801 1446 1833 ut
1476 1791 1698 1832 luculenter
1723 1807 1748 1833 a

321 1868 510 1907 Cicerone
539 1867 754 1920 explicatur
784 1866 920 1920 (Verr.
953 1866 1031 1913 111,
1066 1879 1131 1919 79.
1164 1864 1267 1915 183.)
1297 1865 1397 1904 ordo
1431 1864 1619 1904 honestus
1645 1879 1747 1918 quo-

321 1953 411 1978 rum
443 1939 534 1977 fidei
555 1937 712 1977 tabulae
730 1937 913 1991 publicae
942 1937 1197 1990 periculaque
1230 1938 1531 1989 magistratuum
1560 1924 1745 1976 commit*
1797 1940 1806 1948 *

319 2008 531 2048 tebantur:
559 2009 674 2048 multi
715 2023 852 2048 eorum
882 2009 991 2047 haud
1018 2008 1139 2047 dubie
1164 2009 1204 2047 in
1238 2009 1377 2048 aerarii
1417 2008 1638 2048 rationibus
1671 2008 1748 2048 du·

321 2081 455 2119 cendis
488 2087 527 2119 et
555 2080 787 2119 ordinandis
814 2081 995 2132 occupati
1024 2086 1160 2118 erant:
1190 2080 1298 2133 quod
1324 2094 1468 2119 munus
1495 2081 1528 2119 si
1561 2080 1748 2133 quisue-

321 2149 483 2204 gligeret
527 2157 595 2188 aut
641 2165 802 2203 prorsus
841 2151 1066 2199 omitteret,
1115 2149 1216 2188 nihil
1260 2149 1417 2189 obstare
1457 2151 1639 2202 videtur,
1666 2165 1747 2205 quo

321 2223 454 2260 minus
482 2235 503 2260 a
536 2222 710 2261 Censore
736 2222 813 2261 hoc
841 2223 1002 2261 nomine
1033 2228 1266 2272 notaretur,
1308 2221 1415 2276 quod
1450 2223 1648 2261 aerarium
1683 2235 1746 2260 re-

321 2293 508 2347 liquisset.
547 2292 626 2330 Sed
652 2292 912 2344 suspicionem
938 2292 1105 2342 damus,
1135 2293 1297 2330 minime
1318 2298 1562 2344 compertam
1589 2304 1690 2331 rem.

430 2377 472 2417 9.
504 2363 659 2401 dicant.-
688 2363 805 2400 ceteri
830 2362 1030 2414 videlicet]
1087 2363 1236 2401 Veram
1257 2361 1360 2401 hanc
1387 2369 1427 2401 et
1453 2364 1622 2415 priscam
1649 2364 1749 2402 scri-

321 2442 480 2489 pturam
510 2433 580 2472 diu
608 2430 808 2471 immerito
849 2431 1045 2471 exclusam
1073 2433 1252 2470 omnium
1286 2432 1368 2470 fere
1405 2431 1520 2470 MSS.
1554 2445 1749 2471 consensu

321 2505 562 2544 reduximus.
617 2504 797 2544 Verbum
826 2504 964 2543 dicant
991 2505 1124 2543 nescio
1159 2517 1281 2557 quam
1321 2502 1590 2542 difficultatem
1628 2502 1747 2542 alicui

322 2574 485 2616 librario
516 2577 686 2615 movisse
717 2575 891 2623 videtur,
919 2582 965 2614 ut
996 2574 1073 2613 hoc
1099 2575 1228 2614 deleto
1263 2573 1446 2614 voculam
1471 2574 1570 2628 quid
1593 2573 1747 2613 inseru-

324 2647 425 2694 erit,
459 2660 560 2699 quae
599 2647 698 2686 mire
735 2647 933 2700 plerisque
956 2646 1173 2685 editoribus
1204 2645 1367 2699 placuit.
1402 2643 1459 2682 At
1494 2643 1596 2682 nihil
1619 2646 1749 2698 aptius

323 2717 525 2771 magisque
559 2717 609 2757 ad
635 2718 775 2757 vivum
795 2730 1020 2770 expressum
1041 2730 1160 2770 quam
1185 2716 1347 2770 antiqua
1367 2715 1585 2756 sententiae
1598 2714 1746 2757 forma.
