1846 3178
694 135 938 179 canch.
1435 144 1519 193 ,8,

86 256 256 299 maxime
298 264 464 314 propter
503 271 591 298 eam
631 259 854 299 verendum
875 266 985 299 *esset
1016 272 1112 310 reo,
1156 271 1207 298 ne
1253 256 1522 311 damnaretur,

86 329 198 383 quod
228 331 359 385 ipsum
383 329 577 384 particula
612 331 699 370 iam
729 331 955 380 indicatur,
998 345 1101 386 quae
1134 329 1234 370 nihil
1261 331 1386 384 magis
1423 346 1528 372 con-

84 407 317 442 sentaneum
343 401 467 440 fuisse
492 401 681 454 ostendit,
699 417 822 456 quam
848 402 960 458 quod
985 401 1284 442 multitudinem
1313 402 1528 442 eriminum

84 473 394 525 pertimesceret.

199 539 264 594 14.
311 556 414 597 quae
452 542 515 582 ad
549 557 642 583 eam
689 559 771 585 rem
807 545 1033 600 pertinent:
1082 544 1237 599 vulgo:
1283 559 1385 600 quae
1423 558 1525 585 nunc

81 612 141 654 ad
183 627 273 653 eam
318 629 400 654 rem
423 615 656 670 pertinent;
696 616 764 656 scd
811 632 913 656 nunc
951 631 1032 656 non
1070 616 1199 655 solum
1234 615 1404 667 inutile,
1454 614 1526 655 sed

80 680 198 723 valde
242 684 543 724 incommodum
583 693 693 725 erat:
749 686 825 725 hoc
871 687 979 725 enim
1013 693 1194 739 tempore
1245 686 1348 726 nihil
1399 687 1525 740 magis

79 754 133 795 ad
179 769 341 795 causam
379 757 590 810 pertinet,
637 771 756 811 quam
794 758 906 797 initio
954 758 1219 812 quaestioni53
1257 764 1296 797 et
1347 758 1382 797 si
1426 755 1526 812 quid

78 826 250 881 amplius
289 831 514 870 accessisset
540 859 552 880 ‚
593 830 634 870 id
673 830 836 884 quidem
884 845 966 869 non
1008 837 1099 869 ante
1135 837 1227 868 octo
1275 844 1404 869 annos
1429 841 1523 884 ‘po-

78 898 220 939 tuisset
246 899 388 953 agitari
415 906 456 939 et
480 900 660 939 tractari.
714 901 900 940 Fortasse
930 900 980 939 ab
1007 901 1135 939 otioso
1162 898 1327 938 librario
1367 899 1410 937 in
1451 912 1522 939 ve-

76 977 186 1010 tusto
224 969 405 1024 exemplo
442 971 493 1011 ad
535 985 613 1011 vv:
643 973 748 1011 anni
778 980 867 1011 sunt
902 980 985 1010 occo
1017 970 1114 1010 illud
1141 975 1245 1010 minc
1272 971 1313 1008 in
1342 970 1524 1024 margine

76 1041 246 1082 adlitum
275 1049 376 1090 erat,
392 1041 516 1096 idque
535 1042 587 1082 ab
609 1040 697 1082 aliis
729 1042 769 1080 in
790 1041 964 1081 alienum
993 1040 1129 1080 locum
1157 1042 1357 1081 intrusum
1382 1047 1522 1080 est.-

75 1113 172 1152 Mox
201 1111 457 1153 distinetione
482 1110 627 1151 leniter
656 1119 810 1151 mutata
855 1112 1073 1151 sententiae
1099 1111 1202 1151 bene
1229 1111 1520 1153 consuluimus:

75 1181 325 1223 scribebatur
365 1181 462 1222 olim
501 1197 544 1222 v.
579 1197 668 1238 ¹7.:
716 1183 856 1239 Quid?
893 1183 1070 1222 Albiana
1094 1185 1266 1238 pecunia
1294 1182 1518 1235 vestigiisne

71 1261 165 1299 cett.
231 1254 312 1294 Sed
352 1253 526 1294 multum
565 1255 712 1303 refert,
763 1262 809 1294 ut
854 1255 999 1294 omissa
1027 1256 1220 1308 pecuniae
1258 1253 1523 1294 Cluentianae

71 1325 278 1367 mentione
317 1327 510 1366 continuo
553 1325 730 1366 Albiana
773 1326 917 1380 insigni
957 1327 1131 1380 quadam
1178 1327 1219 1366 vi
1257 1332 1515 1380 opponatur:

73 1397 187 1452 Quid
230 1397 410 1437 Albiana
442 1398 616 1453 pecunia
630 1402 649 1436 Ρ
696 1399 916 1451 vestigiisne
954 1405 1047 1438 cett.
1089 1398 1242 1438 Eadem
1279 1398 1432 1437 ratione
1473 1411 1515 1450 p.

69 1470 181 1509 Μῦν.
209 1483 248 1508 c.
280 1482 347 1509 20.
376 1467 444 1520 42.
473 1476 566 1522 post
593 1468 832 1522 descriptam
853 1469 1048 1508 Murenae
1075 1477 1319 1523 praeturam,
1337 1469 1392 1508 sic
1414 1481 1513 1508 con-

68 1540 253 1579 tinuatur
282 1540 438 1580 oratio:
500 1540 611 1595 Quid
636 1549 704 1580 tua
730 1545 844 1579 sors?
868 1541 989 1579 cristis
1016 1549 1053 1579 ec
1080 1549 1217 1580 atrox.

186 1625 247 1667 ¹9·
283 1612 393 1652 vobis
429 1611 635 1667 italicibus]
704 1614 840 1653 Minus
873 1613 1031 1667 elegans
1074 1613 1239 1652 fortasse
1284 1614 1385 1654 haec
1410 1615 1513 1655 seri-

46 1674 187 1740 ⁸ptura
206 1715 218 1736 ‚
243 1698 367 1739 quam
394 1699 439 1725 ex
464 1686 626 1739 optimis
654 1685 770 1728 codd.
803 1687 1070 1739 protraximus
1086 1716 1097 1734 ,
1128 1686 1175 1724 iis
1202 1684 1419 1737 videbitur,
1438 1687 1510 1740 qui

65 1757 239 1812 perfecta
267 1757 488 1812 imaginum
518 1757 758 1812 aequalitate
783 1758 884 1797 mire
915 1756 1194 1798 delectantur:
1240 1771 1335 1796 nam
1368 1757 1510 1812 vulga-

64 1835 148 1869 tam
189 1830 300 1869 vobis
325 1830 487 1870 ducibus
528 1838 618 1885 apte
641 1832 858 1871 convenire
886 1831 1019 1870 dicent
1047 1832 1118 1880 iis,
1158 1831 1228 1884 qui
1257 1843 1338 1868 non
1377 1828 1510 1868 solum

62 1900 230 1954 vestigia
270 1900 493 1940 odorantur
506 1931 518 1949 ‚
551 1899 621 1940 sed
658 1901 716 1940 ad
756 1903 881 1956 ipsum
919 1901 1043 1940 cubile
1081 1915 1121 1939 se
1143 1909 1401 1955 perventuros
1427 1916 1507 1941 esse

61 1978 246 2026 sperant:
263 1979 304 2012 at
319 1973 421 2012 ratio
441 1980 659 2027 repugnat:
693 1971 805 2012 nullo
825 1972 946 2012 modo
962 1972 1112 2012 iudices
1134 1973 1174 2011 in
1190 1972 1259 2011 illa
1273 1974 1505 2026 quaestione

61 2041 184 2083 duces
221 2042 300 2084 dici
337 2051 578 2098 potuerunt,
614 2047 728 2084 cuius
767 2044 944 2084 latebrae
978 2046 1051 2100 ipsi
1091 2046 1240 2085 oratori
1267 2043 1504 2098 aperiendae

60 2121 201 2166 erant;
229 2113 300 2154 sed
326 2114 404 2155 hoc
426 2116 574 2155 iterum
601 2116 804 2170 praedicat
820 2146 832 2167 ‚
872 2116 922 2156 de
961 2131 1043 2170 quo
1080 2116 1201 2155 modo
1243 2114 1504 2156 vehementer

59 2184 230 2226 laetatus
274 2193 360 2226 erat
376 2216 388 2236 ‚
430 2187 541 2241 quod
582 2188 774 2241 temporis
814 2188 1000 2241 iniquitas
1036 2187 1267 2238 recesserit,
1312 2185 1501 2240 quodque

57 2255 136 2297 hoc
179 2257 343 2308 iudicio,
382 2258 445 2298 his
489 2258 638 2298 talibus
682 2259 779 2298 viris
811 2258 1056 2308 sedentibus,
1084 2257 1200 2298 facile
1227 2258 1500 2297 demonstrare

57 2334 214 2382 posset,
240 2329 349 2383 quod
376 2329 474 2369 olim
500 2330 544 2368 in
575 2329 725 2369 iudicio
755 2330 924 2369 Iuniano
949 2344 1031 2369 non
1059 2331 1144 2369 sine
1170 2342 1315 2382 magna
1345 2327 1497 2368 invidia

57 2401 362 2441 commemorari
406 2401 616 2454 potuisset.
668 2401 804 2451 Quare
841 2399 947 2440 idem
986 2400 1069 2440 sere
1094 2400 1138 2440 h.
1169 2399 1200 2439 l.
1229 2399 1326 2438 dicit
1344 2428 1356 2448 ,
1386 2397 1497 2451 quod

54 2469 162 2510 infra
199 2485 243 2526 Ρ.
285 2469 357 2522 62,
403 2470 475 2512 15:
514 2470 703 2511 hodierno
729 2471 795 2511 die
815 2471 992 2526 primum
1019 2474 1166 2512 veritas
1192 2483 1326 2510 vocem
1356 2477 1495 2511 contra

62 2539 292 2593 invidiam,
321 2542 402 2581 his
429 2540 680 2581 iudicibus
710 2542 864 2593 freta
893 2541 1015 2581 misit.

167 2623 208 2663 Ρ.
241 2607 295 2665 59
309 2638 322 2662 ,
361 2609 401 2650 5.
441 2625 509 2667 qui
546 2624 762 2666 pecuniam
797 2611 1011 2664 dederant}
1080 2611 1146 2651 Sic
1182 2612 1274 2653 dedi
1318 2627 1342 2653 a
1377 2611 1492 2653 libris

52 2678 220 2736 paulum
246 2680 462 2735 recedens,
492 2682 624 2725 media
652 2684 848 2738 scriptura
876 2685 981 2725 inter
1006 2691 1218 2740 utramque
1255 2685 1488 2728 varietatem
