1846 3178
328 181 414 229 132
868 173 1188 217 ADNoTATro

321 295 431 352 qaod
458 303 498 336 et
521 299 584 336 cui
610 297 754 337 electa:
789 296 859 337 sed
882 296 1008 347 nihil,
1042 306 1164 352 puto,
1196 298 1365 337 certius:
1396 295 1545 346 modo,
1581 294 1754 334 interr·-

324 368 482 421 gatione
509 382 633 422 usque
661 368 712 407 ad
740 382 808 407 vv.
843 367 1016 420 effectum
1044 378 1099 408 est
1125 371 1377 419 continuata,
1416 381 1509 406 vera
1537 361 1755 404 sententiae

322 439 424 478 ratio
452 440 698 479 restituatur.
765 438 870 477 Nam
897 439 1000 478 male
1026 440 1144 493 vulgo
1175 438 1442 492 interrogandi
1481 439 1639 489 siguum
1665 439 1755 488 post

322 509 393 550 Vb.
433 509 679 564 requirebant
703 510 895 562 ponitur,
936 510 1092 564 reliqua
1120 509 1318 549 narrando
1345 509 1615 547 enuntiantur.
1673 502 1753 543 Sed

322 593 403 620 una
418 581 746 632 interrogatione,
777 594 878 633 quae
906 595 930 619 a
957 581 1150 634 particula
1176 594 1261 630 cur,
1293 574 1488 618 immerito
1512 573 1752 632 quibusdam

323 656 517 704 suspecta,
546 649 691 707 pendet
707 680 719 700 ,
749 651 789 688 id
810 651 990 699 efficitur,
1022 659 1066 690 ut
1094 651 1248 690 diversa
1274 649 1413 703 agendi
1440 650 1541 688 ratio
1568 648 1620 687 ab
1644 646 1754 686 uti-‘'a-

323 734 401 774 que
440 727 552 774 parte
590 721 810 775 insignibus
838 722 1085 761 documentis
1125 722 1178 761 ob
1205 721 1345 760 oculos
1374 726 1561 773 ponatur.
1619 717 1754 770 »Quid

323 790 486 843 igitur‚‹t
521 792 650 844 inquit
680 793 827 845 »magis
854 792 1102 842 mirandum,
1136 806 1257 845 quam
1286 789 1415 844 quod,
1447 789 1515 842 qui
1546 789 1754 842 pecuniam

324 860 375 899 ad
405 861 741 914 corrumpendum
770 861 977 914 dederant,
1007 863 1212 901 Staienum
1237 875 1319 900 non
1348 861 1644 914 requisiverint,
1662 859 1751 913 Op-

323 931 521 985 pianicus,
568 939 705 971 contra
749 935 817 985 qui
858 940 1066 986 corruptus
1118 947 1199 972 esse
1252 931 1486 981 dicebatur,
1536 929 1756 969 absentiam

323 1002 406 1041 eius
451 1002 614 1041 moleste
653 1002 819 1042 tulerit?
836 1021 852 1039 «
940 1004 1003 1043 Sic
1053 1017 1214 1057 quoque
1263 1001 1501 1056 praestantia
1540 1000 1757 1053 scripturae

323 1073 558 1127 querebatur
598 1081 785 1126 apparet,
830 1088 932 1127 quae
972 1081 1111 1114 contra
1149 1073 1413 1126 plurimorum
1457 1069 1572 1111 codd.
1610 1075 1752 1109 aueto-

322 1143 480 1182 ritatem
518 1143 701 1182 deteriori
736 1146 942 1198 quaerebat
981 1147 1022 1184 iu
1056 1144 1252 1198 plerisque
1279 1142 1519 1182 editionibus
1547 1146 1729 1179 cesserat.

431 1213 484 1253 60
500 1243 510 1261 ,
547 1227 607 1252 ιο.
652 1213 784 1268 [istam
822 1215 931 1254 dedic
965 1216 1247 1255 conciliationis
1285 1225 1322 1253 et
1352 1214 1509 1267 gratiae
1534 1209 1754 1265 fabulam]

324 1283 526 1324 Tenemus
561 1283 603 1327 h.
649 1284 676 1323 l.
723 1287 871 1340 insigne
918 1287 1097 1340 quamvis
1134 1293 1313 1325 vetustae
1343 1282 1658 1337 interpolationis
1689 1287 1765 1322 ex·-

324 1354 499 1408 emplum
519 1385 531 1407 ,
559 1356 668 1409 quod
696 1370 937 1410 quamquam
966 1357 1136 1395 editores
1162 1355 1305 1409 fugerit
1323 1385 1334 1406 ‚
1365 1367 1471 1393 nunc
1513 1354 1755 1407 optimorum

324 1427 448 1467 codd.
478 1440 554 1480 ope
583 1428 808 1467 convictum
838 1435 877 1466 et
906 1427 1192 1481 deprehensum
1222 1441 1245 1466 a
1275 1425 1459 1477 nemine,
1504 1431 1628 1478 puto,
1672 1438 1754 1464 non

324 1503 571 1551 agnoscetur.
642 1496 745 1535 Nam
784 1497 905 1536 verba
944 1497 1037 1547 illa,
1078 1498 1110 1535 si
1150 1496 1358 1550 diligenter
1398 1497 1594 1544 excutias,
1621 1496 1755 1534 omnia

324 1567 642 1620 interpolationis
685 1570 797 1622 signa
836 1582 934 1622 prae
975 1582 1015 1607 se
1068 1568 1211 1616 ferunt,
1261 1581 1389 1621 quum
1430 1567 1567 1606 fictum
1605 1564 1755 1611 vulnus

325 1636 472 1677 infelici
500 1637 734 1678 emendandi
763 1639 893 1678 studio
920 1653 1060 1678 sanare
1087 1647 1293 1678 conentur.
1363 1636 1468 1676 Illud
1497 1638 1602 1676 enim
1632 1637 1756 1677 libra·

322 1707 430 1747 rium
473 1708 644 1762 aliquem
690 1709 915 1749 offendebat
960 1711 1068 1763 quod
1109 1710 1294 1750 Staienus
1333 1709 1584 1749 mendacium
1633 1722 1750 1748 suum

323 1785 393 1819 aut
420 1781 648 1820 necessitate
668 1781 830 1820 adactus
846 1811 855 1829 ‚
888 1783 1125 1835 excogitasse
1151 1782 1375 1832 diceretur⁷
1422 1787 1491 1820 aut
1519 1793 1543 1819 a
1575 1779 1751 1834 Cethego

322 1849 559 1892 admonitus.
632 1851 739 1902 Quid
778 1853 881 1890 enim
899 1857 917 1891 ’.Ρ
958 1853 1077 1901 Quod
1115 1853 1165 1891 ab
1193 1851 1270 1891 alio
1300 1852 1562 1899 admonetur,
1596 1851 1637 1890 id
1666 1864 1748 1890 non

322 1922 528 1974 excogitat.
594 1922 866 1972 Quamobrem
902 1923 1010 1962 aliud
1051 1924 1218 1963 verbum
1261 1923 1488 1962 addendum
1515 1922 1748 1962 videbatur:

322 1991 442 2031 modo
468 1992 543 2032 hoc
570 1993 688 2047 paulo
716 1993 915 2033 sollertius
944 1995 1202 2049 excogitatum
1235 2001 1347 2034 esset.
1375 1994 1514 2033 Cicero
1533 2007 1752 2047 numquam

321 2074 443 2102 unam
473 2065 704 2104 sententiam
732 2066 871 2104 iisdem
899 2065 980 2106 fere
1010 2066 1141 2106 verbis
1168 2073 1206 2105 et
1235 2079 1394 2105 exorsus
1422 2071 1548 2112 esset,
1576 2070 1615 2104 et
1645 2063 1755 2103 elau-

322 2132 464 2173 sisset:
494 2135 606 2173 istam
635 2137 946 2177 conciliationem
973 2138 1129 2189 gratiae
1156 2160 1210 2167 --
1251 2140 1365 2176 istam
1401 2136 1683 2175 conciliationis
1717 2144 1755 2174 et

319 2205 472 2256 gratiae
499 2206 706 2257 fabulam.
741 2229 785 2237 —
846 2207 903 2247 At
941 2222 1021 2247 non
1060 2216 1152 2248 sunt
1195 2209 1331 2247 eadem
1369 2207 1513 2257 verba,
1545 2207 1650 2246 dicat
1678 2205 1755 2245 ali-

320 2275 428 2327 quis.
459 2296 511 2305 ·—
579 2276 681 2316 Sane
720 2292 801 2318 non
830 2286 949 2318 sunt:
990 2293 1083 2317 nam
1112 2278 1301 2332 quicquid
1328 2278 1591 2332 posteriorum
1618 2271 1698 2316 non
1727 2291 1751 2316 a

319 2342 509 2384 Cicerone
548 2354 750 2400 sumptum
792 2355 850 2387 est
866 2378 877 2399 ‚
921 2362 1138 2401 numquam
1174 2363 1198 2388 a
1235 2349 1423 2387 Cicerone
1461 2347 1591 2401 potuit
1626 2347 1753 2401 profi-

319 2414 425 2452 cisci.
453 2414 556 2455 Nam
587 2419 760 2470 primum
788 2419 903 2458 docta
928 2421 1003 2458 ista
1031 2419 1156 2472 figura
1183 2419 1258 2458 τοῦ
1280 2413 1371 2466 ἑνὸς
1403 2416 1472 2458 διὰ
1497 2417 1611 2457 δυοῖν
1642 2421 1748 2469 (con-

318 2484 466 2525 ciliatio
506 2496 544 2526 ec
578 2489 734 2545 gratia)
785 2504 885 2542 quae
925 2492 1158 2543 interpretes
1202 2491 1287 2529 iure
1314 2491 1472 2530 vexavit
1488 2520 1498 2536 ‚
1529 2488 1663 2528 infelix
1690 2495 1750 2529 est

320 2563 590 2596 commentum
630 2559 670 2597 in
713 2561 881 2615 simplici
923 2564 1164 2602 narratione.
1224 2562 1329 2600 Tum
1351 2561 1541 2613 fabulam
1570 2560 1747 2615 interpo-

318 2623 421 2665 lator
446 2633 581 2680 aperte
609 2642 688 2669 non
714 2631 939 2672 comoediae
966 2646 1079 2672 sensu
1100 2663 1111 2683 ‚
1139 2631 1246 2686 quod
1274 2631 1401 2674 voluit
1427 2630 1604 2671 Orellius
1622 2660 1635 2680 ,
1675 2631 1746 2678 sed

315 2707 390 2748 pro
430 2697 634 2740 mendacio
672 2701 825 2755 posuit:
869 2702 978 2756 quod
1017 2703 1154 2743 Cicero
1194 2701 1347 2742 nonnisi
1395 2700 1537 2742 idoneo
1570 2701 1748 2757 epitheto
