1846 3178
608 74 720 141 Pno
753 100 808 141 A.
839 98 1142 141 CLUENno,
1506 125 1524 154 ,ι
1540 124 1596 172 ¹9

153 218 366 284 datum?
394 223 534 275 unde
567 227 860 295 sumptum?
904 243 1034 295 quae
1069 223 1253 274 deinde
1289 226 1596 297 interceptio

150 306 360 383 populi?
391 324 487 356 cur
519 325 626 357 non
661 307 722 356 de
757 308 953 377 integro
984 321 1155 359 autem
1188 307 1395 359 datum?
1427 311 1596 360 Multa

151 401 297 451 sunt,
330 407 462 459 quae
496 389 596 439 dici
618 404 862 460 ,possuntt
894 392 982 442 sed
1016 411 1122 443 non
1157 391 1502 450 committam,
1536 404 1597 440 ut

150 469 324 520 videar
357 490 464 521 non
497 471 712 541 dicendo
749 475 961 523 voluisse
995 474 1176 523 dicere.
1213 477 1305 524 Res
1337 473 1595 524 enimiam

124 543 201 605 fise
236 553 342 623 ipsa
377 552 617 604 defendit.
651 557 801 624 Nego,
838 557 987 605 illum
1021 555 1399 616 adolescentem,
1438 572 1594 626 quem

147 636 325 687 statim
366 650 515 706 epoto
558 639 742 707 poculo
784 651 1050 688 mortuum
1083 656 1182 687 esse
1221 638 1443 696 dixistis,
1491 657 1599 688 om-

146 721 275 771 nino
309 721 398 771 illo
434 721 518 770 die
550 739 648 771 esse
680 735 954 772 mortuum.
1053 725 1298 790 Magnum
1342 733 1392 770 et
1434 721 1601 791 impu-

149 802 273 891 ὀψε
305 797 644 853 mendacium.
709 805 979 873 Perspicite
1012 817 1190 853 cetera.
1242 804 1388 863 Dico,
1427 804 1595 865 illum,

149 903 317 954 quum
347 885 413 935 ad
445 885 579 934 illud
613 885 891 955 prandium
924 885 1134 936 crudior
1170 886 1396 945 venisset,
1431 900 1494 946 et,
1536 899 1598 936 ut

98 983 284 1020 maetas
317 969 405 1018 illa
439 968 560 1029 fert,
593 969 689 1018 sibi
727 982 841 1019 tum
875 989 981 1019 non
1015 970 1347 1041 pepercisset,
1395 969 1598 1036 aliquot

150 1050 255 1102 dies
286 1064 573 1119 aegrotasse,
587 1065 637 1101 et
670 1053 741 1102 ita
773 1069 873 1101 esse
909 1067 1188 1102 mortuum.
1224 1053 1352 1118 Quis
1367 1052 1492 1102 huic
1520 1053 1595 1101 rei

149 1133 285 1186 testis
301 1131 406 1184 est?
430 1133 582 1195 Idem,
602 1134 694 1202 qui
712 1135 790 1184 sui
808 1135 991 1192 luctus,
1008 1149 1175 1206 pater:
1195 1148 1351 1205 pater,
1366 1135 1595 1204 inquam.

151 1215 291 1266 illius
324 1215 673 1266 adolescentis:
719 1235 874 1285 quem
910 1231 1122 1288 propter
1154 1218 1315 1267 animi
1351 1218 1594 1276 dolorem,

145 1296 406 1369 pertenuis
437 1297 654 1365 suspicio
690 1299 933 1367 potuisset
966 1316 1027 1348 ex
1061 1300 1149 1348 illo
1186 1300 1296 1350 loco
1334 1313 1506 1350 testem
1541 1301 1599 1350 in

97 1383 202 1431 15A.
242 1379 540 1428 Cluentium
577 1381 914 1430 constituere:
955 1382 994 1430 is
1029 1382 1171 1432 hunc
1196 1401 1286 1432 suo
1309 1383 1597 1433 testimonio

144 1463 385 1513 sublevat.
455 1462 609 1528 Quod
645 1465 813 1514 recita.
848 1468 929 1514 Tu
963 1478 1155 1525 autem,
1191 1466 1289 1515 nisi
1323 1466 1595 1516 molestum

145 1559 230 1611 est,
255 1547 516 1619 paulisper
547 1565 780 1616 exsurge:
816 1550 984 1618 perfer
1020 1550 1160 1599 hunc
1197 1549 1425 1599 dolorem
1458 1567 1594 1598 com-

144 1630 520 1680 memorationis
556 1631 884 1680 necessariae:
920 1632 974 1680 in
1009 1650 1112 1700 qua
1146 1649 1235 1680 eno
1270 1630 1464 1680 diutius
1485 1650 1591 1681 non

1176 1670 1204 1700 z>

144 1713 395 1771 morabor,
431 1713 691 1781 quoniam,
725 1713 866 1782 quod
899 1714 1002 1763 fuit
1035 1714 1132 1763 viri
1168 1714 1366 1783 optimi,
1412 1713 1588 1769 fecisti,

91 1806 210 1843 20ut
244 1812 310 1844 ne
344 1796 427 1844 cui
463 1796 723 1846 innocenti
757 1815 958 1845 maeror
993 1809 1111 1846 tuus
1154 1797 1496 1846 calamitatem
1538 1810 1589 1845 et

145 1875 331 1925 falsum
377 1877 572 1926 crimen
604 1878 821 1927 afferret.
901 1883 1344 1933 [ΤΕεΤιΜοΝιυΜ
1376 1897 1588 1929 BALBU-

143 1975 227 2007 τυ
260 1963 498 2013 prmus]

238 2054 299 2136 „¹5³¹
333 2088 520 2131 defendat
692 2104 753 2145 ¹7·
783 2097 821 2130 et
849 2089 980 2144 perfer

242 2211 269 2234 ι.
305 2198 452 2247 deinde]
489 2211 594 2244 porro
622 2201 765 2243 Qm'nct.
795 2201 870 2241 IX,
902 2202 944 2241 3,
969 2202 1028 2245 37.
1195 2213 1226 2239 2.
1252 2200 1387 2250 autem]
1415 2207 1536 2236 tamen
1561 2214 1584 2249 q

141 2252 221 2280 tum
237 2255 268 2280 ἀ
291 2259 349 2280 om
388 2258 406 2280 ο
545 2247 575 2290 4.
604 2247 673 2279 iam
697 2259 765 2281 om.
790 2249 863 2282 AB
1016 2248 1047 2281 5.
1074 2246 1241 2282 defendit
1264 2248 1586 2296 ABbcdesghi

64 2323 69 2327 ,
141 2293 427 2343 Ηιηᾳγδεζη
522 2293 695 2328 defendet
722 2296 772 2334 νξ
789 2306 807 2328 τ
884 2293 1056 2328 defendat
1084 2296 1114 2330 R
1137 2296 1216 2330 rell.
1247 2295 1325 2330 edd.
1468 2308 1500 2339 7.
1527 2297 1592 2329 illa

140 2342 202 2388 λμ,
293 2352 460 2386 magnum
488 2341 622 2375 crimen
657 2347 694 2374 et
731 2343 816 2386 imp.
845 2341 964 2376 mend.
994 2342 1095 2376 ABb
1122 2346 1259 2386 (corr)
1333 2342 1543 2388 imprudens
1568 2353 1593 2375 α

145 2390 179 2422 8.
203 2388 366 2434 perficite
391 2399 415 2421 α
489 2394 526 2421 et
550 2394 668 2422 cetera
693 2387 1394 2438 bcefglziklmnopqrstuvd‘ec
1541 2400 1592 2424 ιο.

144 2434 237 2482 tum]
266 2440 388 2468 tamen
412 2445 539 2480 αρστ
699 2447 748 2469 ιι.
776 2437 876 2482 quis]
903 2435 967 2481 qui
993 2437 1066 2470 AB
1236 2439 1284 2471 13.
1319 2437 1363 2470 ad
1390 2448 1497 2485 quem
1522 2437 1595 2471 AB

149 2481 320 2529 14.Ιοοο]
352 2483 450 2516 luctu
480 2481 573 2516 coni.
603 2481 704 2525 Sylv.
873 2482 925 2520 15.
956 2482 1066 2530 hunc]
1099 2494 1196 2516 nunc
1220 2485 1294 2518 AB
1451 2495 1500 2528 ¹7·
1529 2495 1595 2516 ex-

145 2538 265 2574 surge:
290 2530 410 2574 perfer
436 2532 476 2563 Π
500 2538 648 2576 praeter
672 2541 760 2577 mq;
777 2528 872 2569 ωὸζ
967 2540 1115 2575 exsurge
1144 2537 1179 2564 ct
1215 2529 1336 2574 perfer
1359 2542 1463 2579 mqu
1494 2531 1593 2576 vulgi

150 2586 199 2619 ις).
226 2576 473 2611 commorabor
497 2590 521 2624 q
658 2587 712 2609 20.
750 2582 788 2608 ut
813 2579 855 2609 Il
872 2585 1020 2622 praeter
1045 2589 1127 2623 mp;
1139 2589 1196 2621 (ιγ
1212 2577 1322 2619 όεζη
1338 2579 1473 2624 κλμν.
1540 2578 1595 2611 uti

147 2623 216 2660 ξεε
242 2635 278 2670 q.
419 2636 470 2659 21-
500 2625 643 2657 offerret
671 2624 688 2662 ξ
760 2622 956 2656 adduceret
985 2627 1015 2658 A
1039 2627 1124 2672 (mg.
1151 2626 1311 2667 afferret)
1394 2631 1473 2660 test.
1494 2624 1594 2662 Balb-

147 2674 226 2716 patr
243 2680 280 2707 s:
314 2669 402 2707 baec
428 2670 534 2707 verba
559 2671 696 2717 primus
723 2671 865 2707 invexit
889 2670 1008 2706 Lamb-

1624 552 1698 594 168
