1846 3178
299 215 358 263 70
901 193 1108 233 ORATlo

294 328 380 365 tur
410 317 532 366 haec
565 317 701 365 illius
724 315 1090 372 reconciliatio,
1142 328 1192 365 et
1224 334 1431 385 persona
1465 314 1560 362 viri
1594 314 1718 365 boui

294 410 544 465 suscepta,
587 397 716 445 sicut
756 395 811 444 in
852 396 1026 445 statuis
1069 397 1340 455 inauratis,
1384 413 1507 462 quas
1550 396 1719 465 posuit

290 478 355 527 ad
384 483 651 528 Iuturnae:
696 477 885 544 quibus
916 478 1228 546 subscripsit,
1272 492 1450 526 REGEs
1494 495 1523 525 A
1565 495 1624 526 SE
1655 494 1716 527 ιΝ

288 575 550 610 GRA‘riAM
583 577 704 607 ESSE
735 560 1046 608 RE'DucTos.
1115 558 1510 625 Exagitabantur
1542 577 1714 609 omnes

285 643 391 691 eius
423 641 623 690 fraudes
657 654 809 707 atque
841 640 1091 688 fallaciae:
1128 651 1230 689 tota
1255 640 1357 689 vita
1379 639 1434 689 in
1465 639 1738 690 eiusmodi5

282 725 478 773 ratione
524 736 712 772 versata
763 723 1111 791 aperiebatur:
1173 733 1354 789 egestas
1406 720 1672 800 domestica
1694 759 1708 783 ‚

276 816 510 871 quaestus
541 803 746 852 forensis
780 803 845 851 in'
870 802 1095 851 medium
1137 801 1512 870 proferebatur:
1559 820 1709 852 num-

278 886 468 942 marius
513 886 758 954 interpres
799 885 934 953 pacis
967 898 1018 933 et
1051 883 1348 934 concordiae
1390 901 1494 932 nou
1528 881 1713 951 probass·

277 969 442 1017 batur.
509 971 687 1034 Itaque
723 980 832 1016 tum
864 968 1117 1025 Staienus,
1168 984 1332 1032 quum
1367 964 1502 1013 idem
1535 963 1708 1013 defen-

181 1061 253 1088 102
282 1047 451 1106 deret,
495 1047 634 1114 quod
682 1050 882 1107 Accius,
929 1047 1290 1097 condemnatus
1333 1057 1416 1094 est.
1482 1044 1761 1095 Cominiito

273 1146 436 1195 quum
470 1127 565 1176 hoc
599 1141 829 1195 agerent,
871 1128 1011 1195 quod
1046 1146 1133 1178 nos
1166 1129 1222 1176 in
1267 1139 1370 1176 tota
1411 1143 1557 1175 causa
1605 1126 1706 1193 egi-

271 1227 396 1263 mus,
431 1209 787 1277 probaverunt.
855 1209 1198 1272 Quamobrem
1217 1209 1256 1258 si
1282 1207 1469 1257 Staieni
1497 1205 1704 1256 damna-

273 1290 428 1347 tione,
465 1290 808 1358 Oppianicum
845 1290 1095 1339 iudicium
1118 1306 1443 1356 corrumpere
1475 1288 1698 1350 voluisse,

270 1372 614 1440 Oppianicum
629 1371 783 1419 iudici
797 1370 860 1418 ad
873 1370 1106 1419 emendas
1119 1371 1387 1420 sententias
1407 1369 1596 1448 dedisse
1613 1388 1700 1440 pe·

268 1452 495 1510 cuniam,
532 1451 815 1500 iudicatum
848 1463 938 1512 est3
973 1468 1137 1517 quum
1169 1450 1239 1499 ita
1266 1451 1597 1503 constitutum
1618 1455 1754 1518 sit,15

265 1532 343 1581 uti
379 1532 433 1581 in
462 1533 550 1583 illa
585 1533 735 1600 culpa
769 1544 858 1580 aut
871 1531 1135 1580 Cluentius
1166 1531 1230 1580 sit
1262 1544 1353 1581 aut
1370 1533 1695 1603 Oppianicus,

265 1613 487 1662 Cluentii
523 1631 761 1662 nummus
795 1615 968 1662 nullus
993 1612 1150 1662 iudici
1186 1613 1332 1663 datus
1365 1617 1471 1665 ullo
1492 1619 1705 1687 vestigio·

263 1694 516 1761 reperitur
526 1717 539 1756 3
566 1695 837 1762 Oppianici
865 1695 1214 1763 pecunia-post
1230 1694 1479 1745 iudicium
1502 1699 1694 1751 factum

260 1773 325 1821 ab
375 1773 541 1822 iudice
586 1775 752 1823 ablata
794 1786 889 1822 est:
935 1787 1096 1842 potest
1136 1791 1236 1824 esse
1281 1775 1528 1835 dubium,
1562 1773 1697 1848 quin*

259 1855 345 1903 illa
393 1855 648 1905 damnatio
698 1857 884 1905 Staieni
933 1874 1036 1904 non
1083 1856 1232 1905 modo
1267 1875 1372 1906 non
1417 1858 1484 1907 sit
1515 1873 1746 1916 contram

161 1939 223 1985 37
258 1937 564 1994 Cluentium,
598 1936 682 1985 sed
716 1938 930 1986 maxime
964 1950 1184 1986 nostram
1219 1955 1415 1987 causam
1451 1939 1701 1991 defensio·

162 2022 234 2061 103
264 2035 481 2085 nemque
515 2019 810 2069 confirmet?
886 2022 1017 2087 Ergo
1051 2019 1220 2069 adhuc
1252 2023 1390 2070 lunii
1437 2021 1688 2072 iudicium

364 2151 400 2192 3.
430 2164 476 2189 AB
504 2165 544 2190 SE
660 2165 721 2205 ¹9·
751 2167 774 2190 a
804 2151 934 2191 iudice

342 2242 376 2283 a.
404 2254 564 2293 suscepta
591 2249 623 2282 h.
639 2250 660 2281 l.
688 2261 813 2282 rursus
835 2250 966 2295 incipit
993 2250 1020 2282 C
1110 2250 1142 2283 3.
1167 2250 1369 2284 Diuturnae
1391 2249 1684 2298 ACabvcdpfg

253 2294 729 2343 hiklmnopqrszuvw
846 2307 865 2327 a
891 2307 928 2329 se
951 2295 1190 2342 Athwag
1248 2296 1293 2329 ab
1321 2297 1530 2340 selivulg.
1649 2300 1679 2331 5.

253 2343 330 2373 eius
357 2353 479 2375 omnes
506 2343 657 2387 Aqut
750 2353 780 2385 7.
805 2342 923 2376 medio
959 2341 1681 2389 abcdesghiklmnopqrstuvwoe

247 2387 520 2431 praeferebatur
563 2389 590 2420 C
725 2389 964 2430 nummarius]
1004 2388 1098 2420 unde
1142 2389 1198 2422 vel
1234 2399 1362 2422 aureus
1396 2400 1419 2419 α
1565 2401 1613 2422 ιι.
1643 2390 1680 2423 iu

247 2438 323 2466 tota
351 2443 469 2470 causat
505 2434 590 2474 h'usc
629 2432 804 2481 deficiunt
838 2434 1079 2481 abpqrstu
1113 2442 1147 2467 et
1170 2446 1212 2468 ‘w
1247 2446 1454 2482 quanquam
1477 2433 1520 2466 de
1543 2434 1609 2468 hoc
1634 2435 1679 2468 ab

248 2478 479 2514 eddoaconn.
510 2481 604 2513 nihil
615 2480 822 2513 adnotatum
848 2485 917 2521 est)
939 2481 1031 2515 Pall.
1059 2491 1190 2520 omnes,
1217 2480 1275 2513 Fr.
1311 2494 1337 2517 ι.
1360 2479 1487 2515 ὒνεειῖ.
1511 2489 1545 2513 ει
1568 2492 1592 2512 α
1621 2493 1682 2514 us-

248 2536 317 2570 que
343 2525 391 2559 acl
413 2538 440 2559 c.
469 2529 524 2564 38,
548 2529 576 2570 ᾗ.
600 2537 674 2569 ¹07·
701 2538 773 2560 non
798 2532 993 2570 quacrunt3
1016 2537 1140 2559 verum
1155 2528 1195 2558 in
1216 2525 1235 2557 b
1259 2535 1294 2559 et
1313 2540 1336 2560 u
1356 2527 1490 2559 lacuna
1507 2538 1529 2558 a
1552 2538 1684 2560 secun-

247 2569 296 2603 da
317 2583 424 2605 manu
449 2574 589 2618 expleta
616 2581 678 2606 est.
775 2574 827 2609 16.
853 2573 889 2605 in
918 2571 996 2618 illa]
1025 2573 1123 2605 nulla
1150 2571 1296 2619 cdefg
1308 2573 1364 2605 hv
1425 2574 1461 2604 iu
1486 2572 1585 2605 nulla
1612 2572 1682 2606 ikl

249 2615 408 2656 ηιιιδεζ
467 2618 532 2665 uti]
561 2625 598 2651 ut
628 2619 654 2650 C
768 2631 815 2661 ¹7-
845 2629 1008 2652 nummos
1033 2619 1089 2651 illi
1127 2618 1227 2651 datos
1258 2629 1334 2651 esse
1356 2618 1467 2650 iudici
1493 2618 1594 2653 nullo
1620 2631 1681 2651 ve.

248 2663 355 2706 stigio
382 2662 456 2696 cod.
485 2666 539 2698 Fr.
557 2664 649 2698 uncle
677 2666 805 2698 Graev.
827 2667 919 2699 coni.
948 2675 1109 2698 nummos
1136 2664 1190 2696 il‘li
1217 2663 1317 2698 datos
1344 2675 1419 2697 esse
1443 2663 1554 2696 iudici
1575 2665 1676 2699 nullo

247 2709 398 2753 vestigio
430 2712 646 2752 reperiatur:
671 2719 703 2743 et
727 2713 779 2743 sic
806 2719 828 2743 σ
927 2714 978 2747 ι8.
1004 2711 1203 2754 reperiatur
1228 2729 1271 2736 —
1289 2711 1408 2744 ablata
1433 2711 1480 2742 sit
1504 2711 1556 2748 ξσ
1618 2721 1679 2744 re·-

248 2756 408 2799 perietur
435 2757 493 2789 Ct
553 2769 603 2802 ¹9·
633 2757 674 2789 ab
703 2756 731 2789 C
776 2769 795 2789 a
819 2758 888 2791 Ro
935 2768 988 2792 22.
1018 2757 1152 2790 adhaec
1175 2755 1381 2803 defghno
1431 2756 1567 2791 adhoc
1594 2755 1675 2790 kln
