1846 3178
1487 145 1571 189 xix

223 269 379 320 Omnis
419 267 595 322 reliquos
634 266 791 308 codices
805 299 815 317 ‚
857 281 1030 322 quorum
1056 267 1279 308 ·lectionem
1317 282 1363 307 ex
1400 268 1572 309 aliorum

125 347 341 401 collatione
367 356 516 410 passim
544 356 745 410 cognitam
774 355 984 406 habemus,
1012 369 1085 394 suo
1113 367 1314 408 quemque
1340 356 1504 394 nomine
1531 362 1572 396 et

117 442 209 492 loco
234 450 449 484 notamus-³
481 441 632 482 scilicet
660 441 816 482 codices
845 441 1032 482 Lambini
1059 448 1147 481 tum
1174 440 1327 495 plures,
1355 455 1378 480 e
1397 455 1571 496 quorum

122 544 294 572 numam
347 529 501 570 librum
553 530 596 570 S.
634 530 811 570 Victoris
859 544 945 570 esse
985 532 1265 584 suspicamur,
1306 538 1394 570 tum
1443 544 1572 571 unum

118 617 250 675 Sylvii
274 617 427 659 librum
440 648 453 668 ‚
491 617 648 658 codices
676 617 883 658 Palatinos
919 624 1011 658 octo
1051 633 1075 657 a
1105 619 1280 657 Grutcro
1308 619 1421 672 ipso,
1458 625 1498 657 et
1524 617 1567 657 S.

121 707 301 753 Victoris
338 706 518 748 codicem
555 721 580 747 a
619 705 819 746 Gulielmo
858 706 1080 760 inspectum
1096 737 1106 754 ‚
1154 707 1267 746 cuius
1306 714 1490 761 excerpta
1527 707 1572 746 in

118 798 287 840 Gruteri
314 811 434 838 usum
461 802 664 838 cesserunt
680 825 691 844 ,
735 795 818 835 duo
852 794 1009 835 codices
1048 795 1321 846 Francianos‚
1360 795 1508 850 quibus
1536 796 1571 837 1.

120 886 174 927 G.
208 886 436 938 Graevius,
481 891 522 925 et
554 883 823 924 Dresdensem
851 898 978 923 uuum
995 914 1006 936 ,
1063 899 1145 939 quo
1195 885 1369 925 Graevio
1410 890 1573 939 petente

122 970 396 1015 Gothofredus
426 974 626 1014 Graevius
654 973 777 1012 frater
813 972 1030 1025 utebatur3
1056 972 1230 1027 denique
1252 973 1408 1014 codices
1426 974 1572 1028 Regios

119 1061 276 1103 incerto
298 1075 486 1114 numero,
516 1074 618 1116 quos
633 1059 932 1102 Lallemandius
951 1075 1095 1116 magna
1123 1061 1362 1117 negligentia
1390 1062 1573 1105 contulit.

230 1247 470 1290 Editionum
507 1255 642 1289 autem
658 1278 669 1297 ‚
715 1247 862 1303 quibus
901 1255 972 1288 aut
1015 1249 1132 1288 nobis
1172 1247 1266 1301 ipsis
1302 1249 1362 1288 uti
1398 1247 1572 1301 licebat,

119 1343 191 1378 aut
217 1351 391 1392 quorum
427 1337 643 1390 scripturas
670 1332 722 1375 ab
749 1334 838 1375 aliis
868 1333 1088 1375 editoribus
1115 1342 1295 1376 enotatas
1323 1336 1364 1374 in
1395 1343 1574 1376 nostram

116 1422 401 1465 transtulimus
439 1422 621 1462 adhibita
659 1421 811 1477 ubique
850 1423 1141 1477 Lagomarsinii
1182 1425 1407 1466 eorundem
1447 1424 1574 1466 libro-

118 1525 212 1552 rum
238 1510 469 1562 collatione,
498 1510 565 1549 hic
593 1517 653 1549 est
687 1523 879 1549 numerus
905 1517 945 1549 et
972 1509 1090 1550 ordo.

123 1628 191 1658 ἀ.
232 1615 373 1656 Editio
398 1614 602 1655 Ciceronis
643 1615 872 1655 orationum
914 1618 1010 1655 anni
1060 1614 1176 1672 1472.
1220 1619 1306 1658 sine
1342 1618 1421 1659 loci
1457 1627 1575 1661 nota-2

218 1702 355 1754 tione,
383 1712 506 1757 quam
534 1700 746 1743 Fabricius
774 1702 964 1743 describit
991 1702 1097 1743 Bibl.
1138 1703 1231 1744 Lat.
1264 1705 1330 1746 ed.
1381 1708 1500 1763 1773.
1541 1708 1575 1749 1.

229 1805 273 1846 p.
309 1789 401 1845 167.
458 1789 527 1830 Ad
552 1788 703 1830 calcem
735 1789 829 1830 libri
859 1791 959 1831 haec
990 1792 1230 1847 subscriptio
1261 1793 1408 1848 legitur
1427 1810 1441 1836 ε

289 1895 380 1936 Hoc
406 1895 548 1950 ingens
578 1896 783 1936 Ciceronis
810 1912 911 1952 opus
938 1912 1160 1953 causasque
1187 1901 1365 1941 forenses

343 1984 456 2036 Quas
482 1984 587 2024 inter
621 1991 755 2038 patres
784 1984 883 2024 dixit
926 1992 966 2025 et
996 1986 1038 2026 in
1066 1986 1241 2041 populo,

286 2073 355 2114 Tu
382 2073 612 2128 quicunque
640 2072 762 2128 leges.
818 2072 1052 2129 Ambergau
1080 2081 1198 2115 natus
1226 2075 1367 2117 ahenis

343 2161 549 2217 Impressit
577 2161 731 2206 formis.
787 2162 892 2203 Ecce
918 2164 1107 2218 magister
1140 2162 1290 2205 Adam.

664 2272 1019 2318 Mccccnxxn.
1071 2319 1074 2324 ,

237 2388 504 2431 Rarissimum
532 2389 610 2430 hoc
640 2389 831 2430 volumen
845 2421 858 2445 ,
888 2390 1004 2431 cuius
1031 2403 1149 2432 usum
1174 2404 1315 2432 rursus
1346 2390 1576 2433 liberalitati

237 2477 386 2532 Regiae
406 2478 662 2518 Monacensis
680 2476 948 2518 bibliothecae
970 2478 1262 2532 praefectorum
1279 2477 1470 2519 debemus
1484 2508 1496 2532 ‚
1523 2478 1576 2520 ad

235 2565 459 2621 exemplum
513 2565 680 2606 alicuius
729 2566 973 2606 deteriorum
1015 2566 1200 2607 codicum
1215 2596 1226 2616 ‚
1288 2581 1388 2621 quos
1434 2567 1577 2607 tertiae

201 2698 203 2703 ,
235 2653 351 2696 classi
376 2653 686 2711 adscripsimus,
717 2657 956 2711 impressum
975 2662 1055 2697 est:
1092 2669 1187 2696 nam
1209 2654 1356 2696 similes
1377 2668 1449 2710 per
1474 2652 1578 2697 illud
