1846 3178
305 160 407 259 90*
510 209 513 212 -
911 193 1124 234 oRATlo

303 337 359 368 re
390 319 598 369 militari
637 314 702 368 ad
730 317 1208 367 animadversionem
1245 319 1531 368 Censoriam
1570 327 1761 372 tranoe''

302 399 569 448 ferendum
609 399 728 448 suit:
789 398 1050 447 sortitione
1098 397 1151 446 id
1187 399 1352 467 ipsum
1393 400 1585 451 factum
1628 416 1733 452 esee

304 483 543 551 oportuit.
578 482 663 530 Sin
695 493 865 529 autem
900 480 1068 528 sortiri
1105 480 1169 528 ad
1205 500 1447 550 poenam,
1491 497 1541 533 et
1567 483 1730 535 homi÷

303 580 431 611 num
475 562 718 610 delictum
754 561 990 609 fortunae
1033 559 1222 610 iudicio
1256 565 1588 622 committere,
1636 566 1728 616 mi-

302 644 441 692 nime
475 643 770 692 Censorium
804 654 900 703 est3
945 654 1077 690 certe
1122 642 1178 690 in
1209 645 1489 695 multorum
1522 646 1753 715 peccato5

300 725 439 793 carpi
476 742 658 793 paucos
687 723 751 772 ad
780 723 1110 790 ignominiam
1139 736 1188 772 et
1223 726 1730 793 turpitudinemnon’

205 795 271 848 47
304 819 514 875 oportet.
582 808 774 855 Verum
799 822 969 854 omnes
999 805 1350 873 intelligimus,
1391 808 1446 856 in
1474 809 1578 874 istis
1606 809 1730 859 sub?

208 893 282 932 150
301 888 660 957 scriptionibus
719 900 926 936 ventum
982 888 1238 954 quendam
1289 889 1587 957 popularem
1626 895 1731 939 ense

303 967 600 1034 quaesitum.
684 970 869 1017 lactata
908 988 982 1017 res
1015 982 1122 1018 erat
1164 970 1220 1017 in
1259 969 1498 1019 concione
1541 989 1570 1020 a
1618 972 1734 1021 Tria,

303 1049 444 1098 buno
483 1048 735 1098 seditioso:
783 1051 1034 1118 incognita
1076 1070 1246 1109 causa,
1289 1053 1561 1120 probatum
1596 1053 1784 1103 illudw

303 1141 411 1177 erat
443 1129 789 1177 multitudini:
850 1132 1040 1179 nemini
1084 1132 1282 1180 licitum
1325 1146 1395 1182 est
1435 1146 1608 1183 contra
1655 1133 1739 1183 di—.

303 1226 437 1258 cere:
496 1226 642 1257 nemo
681 1208 921 1276 denique,
979 1222 1038 1258 ut
1082 1210 1374 1261 defenderet
1423 1215 1728 1264 contrariam

302 1303 526 1359 partem,
580 1290 853 1339 laborabat.
932 1295 993 1339 In
1027 1292 1270 1341 invidiam
1303 1311 1456 1361 porro
1493 1303 1735 1363 magnam'

300 1374 393 1422 illa
427 1372 615 1421 iudicia
646 1385 900 1421 venerant.
948 1375 1151 1423 Etenim
1181 1377 1354 1443 paucis
1386 1388 1552 1444 postea
1589 1395 1729 1427 men-

301 1454 438 1502 sibus
473 1454 572 1502 alia
605 1454 865 1503 vehemens
899 1467 1006 1503 erat
1042 1455 1096 1503 in
1130 1454 1330 1503 iudiciis
1374 1472 1433 1503 ex
1470 1459 1786 1510 notationetf»

303 1537 607 1585 tabellarum
646 1537 836 1586 invidia
872 1550 1071 1586 versata.
1163 1539 1500 1589 Praetermitti
1541 1559 1569 1588 a
1608 1542 1740 1591 Cen-.

300 1619 519 1678 soribus,
578 1632 628 1668 et
668 1619 851 1687 negligi
890 1620 1086 1668 macula
1104 1620 1410 1670 iudiciorum
1444 1638 1580 1690 posse
1625 1640 1739 1672 non.

300 1702 580 1751 videbatur.
616 1703 872 1762 Homines,
908 1721 1033 1770 quos
1060 1703 1235 1752 ceteris
1260 1703 1394 1752 vitiis
1414 1715 1567 1771 atque
1587 1703 1737 1754 omni.

302 1784 543 1833 dedecore
584 1783 784 1843 infamis
815 1783 1078 1842 videbant,
1123 1801 1203 1833 eos
1237 1783 1332 1832 hac
1368 1801 1573 1856 quoque
1611 1784 1729 1833 sub-

299 1865 571 1933 scriptione
607 1877 780 1913 notare
819 1865 1115 1921 voluerunt,
1177 1876 1227 1912 et
1273 1881 1330 1912 eo
1368 1866 1543 1932 magis,
1586 1865 1781 1933 quod2o

300 1947 389 1995 illo
421 1947 526 2014 ipso
562 1958 806 2013 tempore,
842 1946 941 1994 illis
985 1947 1305 2001 Censoribus‚
1351 1959 1495 1995 erant
1537 1946 1727 1995 iudicia

298 2046 415 2077 cum
444 2028 660 2095 equestri
689 2026 868 2076 ordine
895 2028 1294 2089 communicata3
1341 2041 1399 2076 ut
1431 2027 1727 2078 viderentur

407 2159 446 2197 3.
469 2165 588 2211 atque
615 2159 823 2198 hominum
940 2173 1000 2197 11.
1029 2157 1324 2197 multitudinem
1361 2158 1541 2197 illicitum
1659 2160 1720 2199 16.

405 2213 635 2252 tabularum

390 2314 420 2347 3.
449 2319 485 2345 ct
512 2313 540 2345 C
563 2313 606 2345 ad
636 2315 679 2345 Π
701 2316 772 2359 (pr.
789 2313 833 2356 (Ι)
858 2311 933 2352 δεζ
957 2317 1065 2356 atquc
1090 2313 1187 2357 vulg.
1281 2312 1313 2356 4.
1329 2312 1507 2346 delectum
1533 2314 1624 2347 coni.
1646 2315 1726 2347 viri

293 2357 393 2392 docti
419 2372 475 2405 ap.
502 2360 606 2394 Fulv.
634 2360 802 2393 Ursinum
933 2362 967 2393 6.
997 2364 1033 2391 et
1058 2359 1319 2403 turpitudinem
1344 2370 1409 2394 om.
1437 2359 1466 2391 C
1588 2372 1618 2404 7.
1645 2371 1725 2394 sus-

292 2405 496 2450 pitionibus
520 2407 549 2439 B
726 2420 756 2451 9.
789 2417 807 2437 a
834 2405 979 2438 tribuno
1006 2404 1177 2437 seditioso
1202 2417 1264 2438 om*
1296 2405 1322 2437 C
1404 2421 1407 2428 ·
1484 2416 1531 2438 ιι.
1556 2406 1723 2439 multitu-

293 2453 390 2486 dini:
416 2452 551 2486 nemini
577 2453 714 2485 licitum
742 2454 797 2486 Ct
833 2453 894 2491 (ut
921 2453 1007 2485 olim
1032 2453 1234 2484 coniecerat
1253 2453 1333 2484 Ant.
1352 2452 1591 2495 Augustinusy
1626 2453 1722 2485 mul-

291 2499 486 2532 titudinem
511 2499 677 2532 illicitum
702 2497 892 2542 Ιίβγδζθ
910 2508 1053 2543 ικμνο
1072 2510 1091 2543 ρ
1109 2506 1132 2530 σ
1189 2497 1414 2530 multitudini
1452 2497 1505 2529 illi
1539 2509 1612 2530 nou
1638 2499 1722 2532 lici—

292 2548 368 2577 tum
394 2546 413 2583 ξ
531 2545 758 2579 multitudini
793 2544 959 2576 illicitum
985 2545 1032 2577 ελ
1050 2555 1078 2576 π·
1198 2543 1467 2576 multitudinem
1491 2544 1721 2579 multitudini

292 2590 344 2622 ill.
373 2604 391 2631 η
513 2594 562 2627 13.
589 2592 915 2634 invidia—magua
941 2593 985 2623 Il
1002 2600 1148 2636 praeter
1175 2588 1468 2632 ΑΟΙςηιηῑὸεξ
1590 2593 1639 2635 14.
1665 2596 1722 2625 et·

292 2635 403 2683 enim]
431 2644 465 2671 et
490 2650 566 2670 cum
594 2640 623 2671 Β
771 2639 822 2674 16.
845 2637 1059 2670 tabellarum
1088 2637 1115 2669 C
1141 2635 1257 2683 (quod
1279 2637 1369 2669 coni.
1397 2638 1593 2678 Garama.)
1619 2649 1639 2671 τ
1665 2643 1721 2671 ta-

291 2682 457 2719 bularum
483 2686 511 2719 R
537 2686 634 2731 vulg.
817 2683 851 2730 a]
882 2682 925 2716 ab
954 2683 981 2717 C
1175 2694 1229 2720 αι,
1255 2684 1333 2728 ipso
1370 2683 1407 2716 iu
1447 2689 1608 2728 tempore
1649 2685 1721 2718 ΑΒ

293 2734 369 2764 erat
394 2730 423 2762 C
