1846 3178
1479 159 1566 205 xx}-

132 311 136 313 -
184 281 399 325 sanctionis
410 282 584 322 varietas
603 295 627 323 a
653 282 836 324 victorio
859 288 1021 323 enotata
1045 280 1318 323 acuratissime
1362 286 1563 325 consentit

131 387 155 409 ·.
204 354 313 410 {cum
337 369 689 424 [agomarsiniana
721 377 883 422 nastra3
908 393 960 401 —
988 371 1154 411 alterius
1174 385 1198 410 a
1222 371 1406 411 Victorio
1427 386 1561 426 neque

219 458 314 513 satis
338 456 524 512 descripti
553 471 685 512 neque
713 465 907 513 perpetuo
941 458 1089 510 collati,
1135 466 1298 500 eatenus
1325 467 1460 500 tamen
1502 468 1562 512 ut,

220 545 397 586 eumdem
413 559 508 586 eum
534 561 620 587 esse
637 561 730 586 cum
751 561 835 587 uno
854 547 1116 588 mediocrium
1138 548 1488 599 Florentium-um,
1522 556 1563 590 et

219 636 392 676 maxime
409 634 574 689 quidem
592 649 686 675 cum
704 642 842 675 nostro
858 650 899 685 v,
919 637 1006 676 veri
1025 635 1272 676 simillimum
1289 637 1351 679 sit.
1373 638 1484 678 Haec
1503 645 1564 678 est

215 723 387 764 Victorii
414 732 511 765 nota
553 725 604 764 ad
639 695 823 764 frontem.
847 726 1039 764 orationis
1064 724 1288 780 adscripta:
1321 727 1562 767 Concedimus

175 811 194 824 ”
215 812 418 868 quondam
449 814 550 854 hanc
583 815 800 853 orationem
833 827 912 869 pro
943 813 1096 852 Habito
1138 827 1228 853 cum
1268 822 1395 853 vetere
1428 815 1563 856 codice

216 899 356 940 litter-123
381 900 696 954 Langobardzcgls
722 902 866 956 scripto
881 931 891 950 ,
934 901 1004 956 qai
1026 910 1084 941 est
1109 900 1153 941 in
1178 900 1286 941 Divi
1322 901 1462 942 Marci
1502 903 1557 942 bi-

215 986 405 1029 bliotheca
419 1018 431 1038 ‚
461 1002 540 1029 non
566 989 650 1028 sine
675 1002 832 1028 summa
871 987 1095 1042 diligentia.
1151 987 1269 1028 Nunc
1308 989 1447 1028 iterum
1474 1004 1562 1029 cum

155 1086 169 1093 “
214 1077 344 1118 altero
362 1078 643 1133 manuscripto,
671 1092 788 1133 quem
813 1092 844 1131 g
869 1078 1000 1117 litter-a
1026 1077 1277 1131 signabimus,
1297 1078 1559 1130 confit-amus.

213 1165 400 1207 Prior-em
426 1165 607 1219 Langob.
636 1166 662 1204 λ
689 1165 820 1204 littera
847 1163 1153 1217 designavimus.

132 1252 172 1304 ζ.
201 1252 282 1295 Ed.
311 1255 511 1308 (omnium
547 1257 730 1310 operum)
771 1254 829 1298 Io.
870 1253 985 1293 Badii
1025 1253 1206 1294 Ascensii
1235 1254 1365 1295 Paris.
1411 1255 1557 1308 1511„

213 1356 320 1398 quae
358 1342 700 1384 Mediolanensem
729 1343 849 1398 plane
881 1342 1029 1383 reddit.
1081 1343 1197 1383 Hanc
1239 1357 1286 1382 ex
1313 1341 1559 1382 bibliotheca

213 1431 414 1487 gymnasii
455 1431 679 1481 Catholici,
725 1431 835 1485 quod
871 1430 1063 1470 Coloniae
1105 1430 1248 1484 floret,
1288 1429 1556 1484 Birubaumii,

213 1519 292 1560 viri
325 1518 820 1570 clarissimi,humanitate
845 1525 987 1559 nactus
1013 1533 1118 1562 sum,

109 1627 113 1635 ⁶
127 1621 168 1660 η.
204 1603 292 1648 Ed.
318 1603 594 1666 (orationum)
629 1607 816 1650 Florent.
856 1609 973 1652 1515.
1010 1609 1118 1664 apud
1152 1609 1314 1649 luntam
1355 1622 1453 1648 cura
1487 1609 1555 1647 Ni-

167 1712 169 1715 ·
211 1694 315 1737 colai
349 1695 536 1752 Angelii,
578 1698 622 1737 in
652 1711 735 1752 qua
767 1711 885 1752 saepe
920 1697 1005 1737 sive
1034 1711 1082 1737 ex
1107 1697 1232 1737 MStis
1268 1697 1354 1737 sive
1379 1710 1427 1736 ex
1456 1709 1556 1735 con-

210 1787 367 1826 iectura
415 1785 602 1827 Beroaldi
652 1792 858 1826 contextus
902 1787 1135 1841 corrigitma
1234 1783 1413 1825 Orellius
1466 1799 1555 1824 eam

139 1895 143 1899 ·
167 1896 169 1898 ·
210 1875 397 1917 contulit.
431 1881 434 1884 ’

129 1965 174 2005 θ.
201 1964 283 2006 Ed.
329 1963 519 2019 (operum
558 1964 755 2016 omnium)
805 1963 952 2007 Venet.
997 1961 1114 2013 1534.
1157 1977 1224 2017 ap.
1278 1962 1443 2002 Iuntam
1481 1974 1555 2015 per

207 2052 377 2094 Petrum
415 2053 643 2093 Victoriam
661 2083 673 2104 ,
700 2053 739 2092 in
777 2067 857 2107 qua
890 2053 1092 2092 orationes
1122 2049 1147 2092 a
1174 2051 1375 2106 Naugerio
1408 2050 1553 2091 lauda-

203 2142 277 2184 bili
313 2141 545 2197 diligentia,
584 2141 653 2181 sed
682 2156 764 2181 non
797 2141 882 2181 sine
917 2142 1189 2195 suspicionum
1215 2140 1383 2180 audacia
1412 2154 1554 2180 recen-

203 2232 302 2274 sitae
335 2238 442 2273 sunt.
493 2230 594 2271 Eius
622 2231 855 2270 varietatem
880 2244 926 2270 ex
945 2231 1167 2270 Garatonio
1197 2230 1363 2284 petitam
1387 2229 1548 2271 damus.

138 2336 168 2363 ι.
196 2319 274 2363 Ed.
302 2319 538 2362 Basileensis
564 2333 604 2359 a.
635 2319 750 2360 1528.
789 2334 863 2374 per
897 2318 1192 2370 Cratandrum‚
1233 2332 1338 2373 quae
1363 2317 1548 2373 plerum-

204 2422 283 2464 que
309 2407 515 2448 Iuntinam
543 2407 752 2461 sequitur3
789 2406 841 2447 ab
869 2405 1026 2446 Orellio
1058 2407 1098 2446 in
1123 2420 1242 2446 usum
1271 2413 1429 2447 vocata.

121 2511 159 2542 κ.
186 2497 266 2542 Ed.
292 2498 414 2538 Basil.
457 2513 494 2541 a.
537 2497 657 2549 1540.
699 2510 771 2551 per
821 2497 954 2536 Ioach.
998 2496 1303 2547 Camerarium3
1346 2492 1550 2534 interdum

205 2598 230 2623 a
252 2585 456 2638 superiore
499 2583 666 2638 paulum
710 2584 909 2626 recedens.
965 2582 1161 2638 Exemplo
1204 2596 1300 2624 usus
1348 2595 1437 2624 sum
1485 2581 1547 2622 hi-

202 2669 426 2713 bliothccae
454 2670 682 2713 Niebuhrii.
