1846 3178
311 178 402 237 184
858 171 1201 213 ADNoTATio.

415 290 466 332 62
484 321 497 343 ‚
549 306 580 333 1.
621 293 679 332 ad
711 307 828 348 quam
870 305 953 331 rem
1004 292 1148 346 ficet-ic]
1245 291 1506 345 Participium
1541 289 1642 338 data
1678 288 1728 328 ‘in

307 361 565 403 deterioribus
609 363 724 405 codd.
769 362 812 401 h.
854 361 882 400 l.
920 364 1115 400 intrusum
1158 364 1199 401 in
1243 361 1442 420 plerisque
1489 357 1728 400 editionum·

307 434 421 487 quasi
459 434 546 472 iure
584 447 654 472 suo
696 431 827 471 locum
869 431 1066 470 obtinuit:
1101 432 1181 470 ‘sed
1207 433 1321 472 cedat
1348 446 1504 472 necesse
1529 438 1588 470 est
1615 429 1729 469 locu-

306 502 539 558 pletioribus
581 501 773 541 testibus:
825 515 917 539 nam
956 500 1083 539 multo
1130 500 1369 539 luculentior
1412 502 1469 540 et'
1488 501 1646 554 gravior
1683 498 1730 538 fit

308 574 578 614 membrorum
622 572 831 625 oppositio,
873 571 906 610 si
946 571 986 609 in
1015 578 1185 624 utroque
1213 570 1311 610 nihil
1338 571 1414 610 nisi
1440 570 1606 611 verbum
1633 568 1729 609 sub-

309 646 524 683 stantivum
554 642 778 682 habemus..

418 713 472 765 64
487 743 499 764 ‚
548 728 607 767 19.
651 723 812 768 possunt
844 713 964 752 iidem
1014 711 1118 750 illm!
1158 711 1344 750 iudicium
1354 712 1485 763 fitisse
1505 711 1730 763 desendet-e]

310 781 519 836 Aptiorem
557 783 663 822 hunc
700 784 913 822 verborum
943 782 1124 821 ordinem
1151 796 1225 835 pro
1253 781 1442 835 vulgato:
1483 781 1587 820 illud
1609 781 1731 821 iidem

310 852 390 891 duo
434 852 571 906 optimi
600 867 690 891 cum
729 853 808 906 pal.
839 853 1074 892 Taurinensi
1105 855 1197 892 satis
1226 853 1397 891 firmant.
1454 852 1638 891 Ceterum
1664 851 1730 891 hic

309 922 419 963 locus
456 925 673 964 necessario
702 939 772 977 pro
802 925 1106 977 interrogatione
1134 923 1382 976 accipiendus
1410 930 1495 961 est:
1526 921 1633 976 quod
1660 922 1731 976 qui

309 993 602 1048 neglexerunt„
631 996 857 1045 Manutius,
904 995 1091 1047 Stephani
1133 1001 1172 1033 et
1197 997 1280 1047 ipse
1313 992 1555 1042 Lambinus,
1582 999 1732 1032 temere

308 1067 557 1119 negationem
588 1080 665 1106 non
692 1073 782 1104 ante
793 1067 923 1115 sitisse
951 1064 1214 1103 inculcarunt.
1284 1064 1476 1103 Graevius
1503 1077 1642 1102 verum
1668 1064 1730 1102 vi-

309 1135 412 1176 disse
440 1137 618 1185 videtur,
648 1150 888 1189 quamquam
921 1135 1125 1188 explicatio
1151 1135 1234 1174 eius
1265 1136 1366 1174 mire
1395 1133 1630 1174 conturbata
1645 1139 1730 1173 est:

307 1219 403 1243 nam
432 1205 562 1244 neseio
592 1219 673 1257 quo
702 1219 836 1243 errore
861 1207 900 1242 in
930 1205 1007 1243 hoc
1046 1205 1094 1243 de
1125 1206 1240 1244 Iunio
1290 1205 1480 1244 iudicium
1517 1205 1731 1259 Oppianici

308 1289 466 1314 causam
508 1275 778 1323 intermiscet,
830 1274 878 1312 de
921 1289 999 1327 qua
1037 1289 1199 1327 prorsus
1241 1289 1321 1313 non
1359 1276 1566 1329 cogitatur.
1642 1277 1732 1316 Hoc

309 1345 406 1384 dicit
441 1345 608 1385 Cicero:
641 1346 673 1384 si
710 1347 798 1399 quis
826 1345 932 1384 dicat
962 1345 1121 1383 Iunium
1150 1359 1229 1383 non
1257 1344 1418 1398 quidem
1458 1344 1534 1385 illis
1561 1344 1730 1400 legibus,

307 1414 451 1470 quibus
492 1423 696 1455 accusatus
734 1417 809 1465 sit,
849 1414 917 1454 sed
965 1415 1042 1455 alia
1065 1445 1074 1462 ‚
1125 1422 1262 1454 contra
1299 1429 1421 1468 quam
1475 1417 1730 1466 commiserit,

309 1501 394 1527 esse
425 1487 672 1535 damnatum,
703 1501 799 1525 num
827 1486 930 1525 idem
959 1485 1196 1525 contendere
1224 1493 1378 1538 potest,
1421 1486 1495 1526 hoc
1523 1486 1642 1527 fuisse
1669 1489 1731 1528 iu·

309 1557 480 1606 dicium,
525 1558 565 1596 in
606 1571 684 1610 quo
724 1557 915 1596 eiusmodi
956 1556 1087 1610 legum
1129 1556 1364 1610 negligentia
1406 1564 1446 1596 et
1486 1558 1731 1611 perturbatio

310 1635 465 1668 versata
492 1632 583 1668 est?

420 1714 486 1740 21.
518 1700 676 1752 infestus
708 1710 788 1740 tum
808 1699 978 1755 populus
1007 1701 1202 1739 Romanus
1234 1699 1352 1739 Ῑιιιιίο
1370 1698 1480 1753 ficit]
1550 1698 1586 1738 F
1587 1687 1733 1740 nedum

310 1772 499 1812 mendum
535 1772 646 1812 hunc
687 1772 821 1812 locum
859 1771 952 1811 inde
992 1787 1015 1811 a
1054 1772 1232 1825 principe
1277 1770 1450 1810 editione
1491 1770 1670 1820 obsedit,
1706 1786 1733 1816 a

308 1843 420 1882 nullo
458 1845 671 1897 interprete
708 1842 1045 1882 animadversum.
1090 1843 1249 1882 Scilicet
1275 1843 1329 1882 sic
1354 1842 1405 1881 ab
1431 1843 1614 1883 omnibus
1639 1841 1731 1882 vul-

307 1921 424 1967 gatur
444 1928 455 1952 :
483 1914 640 1966 infestus
667 1922 746 1953 tum
770 1903 935 1968 praetor·¹
962 1913 1080 1953 Iunio
1110 1915 1214 1965 ficit.
1281 1913 1358 1953 Sed
1385 1913 1482 1967 quid
1507 1921 1731 1967 praetorem

310 1997 527 2034 moramur,
552 1986 621 2038 qui
649 1992 842 2039 quantum
870 1983 920 2023 ad
950 1983 1111 2023 lunium
1139 1984 1443 2038 opprimendum
1471 1985 1619 2034 fecerit,
1649 1986 1730 2024 iam

308 2055 528 2108 expositum
556 2062 665 2104 erat,
694 2055 764 2094 ubi
792 2056 1046 2108 quaerimus,
1085 2054 1182 2108 quid
1210 2053 1402 2108 populum
1432 2054 1482 2093 ad
1509 2069 1601 2094 eum
1630 2070 1729 2096 con-

307 2125 578 2165 demnandum
616 2127 904 2166 commoverit?
977 2126 1075 2165 Nam
1113 2133 1322 2179 postquam
1349 2125 1448 2165 illud
1476 2127 1569 2166 satis
1595 2134 1728 2166 osten-

307 2196 367 2235 dit
393 2203 543 2246 orator,
572 2196 763 2236 iudicium
791 2197 1005 2236 Iunianum
1029 2205 1184 2250 praeter
1211 2196 1380 2254 legespet
1407 2197 1729 2237 consuetudinem

306 2265 489 2306 habitum
521 2280 602 2307 esse
618 2297 630 2316 ,
670 2266 844 2306 restabat
883 2274 929 2306 ut
954 2265 1133 2314 doceret,
1184 2281 1263 2320 qua
1290 2267 1339 2306 de
1374 2281 1492 2306 causa
1517 2274 1628 2307 tanta
1652 2281 1727 2320 po-

306 2337 390 2391 puli
420 2338 463 2376 in
493 2337 653 2376 Iunium
680 2338 831 2377 invidia
857 2337 1027 2377 conflata
1054 2339 1198 2390 fuerit,
1227 2346 1273 2377 ut
1298 2345 1380 2378 tam
1409 2338 1554 2377 iniusto
1581 2337 1726 2377 iudicio

307 2422 398 2447 eum
426 2408 720 2448 condemnaret.
778 2409 878 2449 Erat
906 2408 998 2460 illa,
1026 2416 1072 2448 ut
1097 2410 1228 2448 statim
1265 2416 1452 2462 apparet,
1503 2410 1564 2448 vis
1592 2414 1633 2446 et
1676 2407 1726 2448 li-

306 2481 435 2519 centia
482 2479 718 2519 tribuniciae
762 2481 987 2533 potestatis:
1045 2480 1124 2519 huc
1155 2481 1274 2533 igitur
1302 2482 1381 2519 iam
1418 2477 1544 2519 tendit
1581 2481 1724 2530 oratio,

307 2557 346 2588 et
373 2548 561 2602 singulari
601 2558 685 2589 arte
710 2549 903 2603 paulatim
926 2565 973 2590 eo
997 2553 1255 2592 convertitur.
1310 2550 1411 2589 Nam
1445 2551 1556 2604 quasi
1581 2551 1623 2590 in
1657 2565 1727 2590 su·-

305 2620 526 2672 peri'oribus
559 2619 659 2659 nihil
704 2620 754 2660 de
790 2620 906 2674 culpa
950 2621 1053 2659 Iunii
1085 2649 1096 2671 ‚
1135 2621 1189 2670 si,
1206 2634 1284 2673 qua
1329 2627 1450 2672 esset,
1501 2620 1723 2660 detractum

304 2697 431 2741 esset,
466 2692 610 2731 iterum
640 2690 910 2731 adversarium
939 2690 1133 2731 dicentem
1159 2690 1284 2731 facit:
1342 2708 1358 2728 n
1370 2691 1494 2732 Esto:
1534 2691 1654 2733 fuerit
1682 2692 1724 2733 in

1707 0 1798 15 ww!

1758 14 1791 30 aa*

1794 0 1846 242 -t'
