1846 3178
711 145 955 186 cRch.
1461 149 1552 200 205

115 266 196 308 hoc
212 266 445 308 adverbium
473 267 522 307 ad
551 268 801 322 participium
828 269 1005 309 abditum
1023 268 1268 320 retulerunt3
1290 270 1356 310 sed
1379 279 1556 324 quonam

112 337 194 379 hoe
207 339 337 393 ipsum
352 339 408 379 sic
431 339 656 390 retulerint,
678 354 742 380 me
764 339 925 394 quidem
945 340 1055 393 fugit.
1073 339 1151 378 Sed
1175 341 1265 394 quis
1284 342 1404 381 semel
1426 345 1555 382 moni-

113 414 182 450 tus
201 407 386 449 dubitare
420 417 562 462 potest,
591 412 687 464 quin
709 411 806 451 haec
833 413 993 450 omnia:
1029 426 1066 452 v.
1095 412 1157 451 13.
1184 412 1411 451 Faciliusne
1428 435 1483 445 -
1502 436 1557 446 —

117 494 160 523 v.
184 482 247 524 18.
261 485 531 537 permanare?
566 495 646 520 una
667 481 885 535 eademque
908 481 1073 535 periodo
1099 482 1392 530 contineantur,
1434 483 1488 522 ita
1510 491 1556 523 ut

111 553 313 607 ffipurtita
329 554 561 607 quaestione
574 553 867 606 interrogetur:
898 566 951 591 an
961 553 1149 605 facilius,
1168 567 1220 591 an
1237 553 1366 602 latius,
1384 568 1438 592 an
1456 555 1556 593 cele-

111 624 196 663 rim
232 638 432 664 venenum
450 631 561 664 artus
580 638 786 678 permeare
801 630 943 678 potum
946 625 989 671 it,
1021 625 1062 663 in
1083 638 1186 677 pane
1203 639 1325 677 quam
1344 626 1385 664 in
1408 625 1555 680 poculo

114 695 287 736 datum?
303 703 396 736 suut
411 696 517 736 euim
532 695 631 736 haec
648 697 724 735 uia
741 725 752 746 ‚
776 710 879 749 quae
901 698 1070 735 maxime
1088 698 1130 735 in
1147 695 1217 735 tali
1237 711 1354 736 eausa
1368 705 1556 751 aguntur.

111 765 199 807 lam
221 781 318 807 vero
339 767 434 807 vide
464 780 585 821 quam
620 773 711 820 apte
740 766 878 820 paucis
911 766 1044 806 verbis
1085 767 1126 805 in
1163 780 1406 821 unaquaque
1433 781 1554 821 quae-

111 839 254 879 stionis
273 846 386 894 parte
405 853 478 893 per
497 840 624 892 ipsam
650 838 1002 891 interrogationem
1021 836 1277 876 incommoda
1296 840 1411 891 panis
1429 846 1557 879 osten-

111 910 286 952 dantur:
305 911 550 963 faciliusne,
591 924 714 965 quam
749 910 792 949 in
811 910 954 965 poculo
990 907 1077 948 scil.
1106 906 1215 960 quod
1254 909 1339 946 sine
1374 908 1456 947 ulla
1485 923 1555 948 su-

110 985 290 1038 spicione
313 984 589 1023 ministratur?
625 983 815 1030 latiusne,
850 981 1026 1020 abditum
1054 980 1192 1033 aliqua
1220 978 1264 1017 in
1286 988 1404 1034 parte
1428 982 1555 1034 panis

107 1054 151 1099 h.
181 1069 218 1096 e.
244 1068 515 1109 compressum
553 1054 594 1093 in
628 1052 742 1092 brevi
779 1051 915 1105 aliquo
953 1049 1125 1105 angulo,
1158 1050 1200 1089 in
1243 1063 1324 1104 quo
1358 1050 1429 1089 diu
1471 1051 1554 1090 sor-

106 1133 212 1167 tasse
251 1127 480 1166 continetur
498 1155 510 1176 ,
566 1127 799 1179 priusquam
832 1139 905 1177 per
939 1130 1071 1163 totum
1102 1137 1247 1176 corpus
1287 1122 1553 1174 diffunditur,

107 1211 228 1254 quam
253 1199 292 1237 si
319 1207 440 1238 totum
465 1197 777 1253 colliquefactum
815 1197 857 1234 in
882 1197 1044 1249 potione
1079 1203 1175 1233 esset
1188 1198 1208 1231 ?
1245 1194 1408 1233 celerius
1441 1194 1554 1234 deni-

105 1283 205 1324 que,
250 1277 479 1315 comestum,
519 1267 688 1320 ideoque
714 1266 867 1305 tardius
900 1264 1090 1304 diffusum
1109 1295 1121 1318 ‚
1166 1279 1288 1320 quam
1325 1273 1479 1320 epotum
1513 1273 1554 1306 et

105 1340 163 1380 sic
192 1340 234 1379 iu
260 1340 392 1380 omnis
415 1341 541 1394 partis
574 1338 762 1378 velociter
790 1340 1056 1391 permanans?

220 1446 310 1496 123,
350 1458 382 1485 ι.
414 1453 582 1500 propter
620 1445 832 1484 multorum
865 1441 1059 1482 eiusmodi
1101 1454 1239 1481 casum
1278 1461 1330 1471 —
1367 1440 1553 1495 haberet]

105 1515 284 1570 Longius
314 1516 357 1557 h.
380 1516 410 1557 l.
435 1530 557 1571 quam
589 1514 711 1570 vulgo
748 1514 865 1554 codd.
892 1515 930 1553 A
961 1521 1002 1553 et
1026 1515 1071 1556 B.
1103 1528 1127 1552 a
1161 1520 1321 1567 recepta
1353 1513 1553 1566 scriptura

102 1587 316 1627 recedunt:
360 1587 482 1626 immo
516 1586 727 1626 manifesta
757 1586 938 1626 diversae
958 1587 1200 1626 recensionis
1227 1585 1393 1638 vestigia
1418 1591 1551 1623 osten-

101 1657 230 1709 dunt,
281 1672 384 1712 quae
424 1666 576 1714 quanto
623 1659 809 1713 vulgatae
841 1665 1042 1711 praestet,
1096 1659 1216 1697 etiam
1250 1657 1327 1696 hoc
1368 1656 1549 1710 exemplo

101 1727 246 1769 elucet.
304 1729 450 1770 Nonne
477 1734 583 1770 enim
612 1731 730 1785 plane
753 1737 912 1784 praeter
935 1737 1144 1770 strenuum
1171 1727 1374 1768 Ciceronis
1394 1741 1549 1767 morem

101 1799 230 1850 foret,
264 1808 348 1841 tam
375 1802 520 1843 leniter
549 1804 803 1843 temerariam
832 1802 1012 1842 veneficii
1044 1802 1310 1855 suspicionem
1332 1815 1378 1840 ex
1404 1813 1549 1853 repen-

100 1875 188 1911 tina
212 1880 342 1912 morte
369 1874 533 1927 petitam
557 1872 763 1913 refellere:
802 1873 903 1913 satis
912 1872 1089 1927 firmam
1111 1871 1365 1926 suspicionem
1381 1870 1452 1908 hoc
1468 1883 1548 1908 non

101 1944 244 1986 habere
259 1949 281 1984 ?
317 1946 502 2000 Denique
520 1961 629 1986 casus
646 1961 720 2000 pro
736 1955 858 1985 morte
873 1953 956 1985 tam
977 1952 1068 1998 apte
1086 1946 1237 1998 positus
1253 1948 1361 1982 certe
1387 1955 1469 1980 non
1488 1948 1548 1980 est

99 2009 255 2056 librarii
277 2025 563 2062 commentum.
619 2017 725 2059 lllud
752 2031 912 2071 quoque
940 2014 1344 2055 animadvertendum
1371 2020 1429 2052 est
1453 2026 1546 2066 par·

99 2087 264 2128 ticulam
287 2102 366 2128 non
395 2089 521 2129 verbo
549 2089 709 2129 haberet
734 2089 855 2143 vulgo
878 2088 1145 2141 praepositam
1160 2117 1171 2135 ,
1209 2099 1312 2140 quae
1338 2099 1385 2125 ex
1405 2091 1543 2124 nostra

97 2160 253 2200 ratione
275 2160 373 2200 ferri
400 2175 483 2202 non
505 2169 658 2216 potest,
710 2163 831 2201 etiam
871 2160 923 2200 ab
957 2160 1044 2200 aliis
1075 2159 1196 2199 codd.
1233 2158 1393 2210 omitti,
1435 2156 1544 2211 quod

98 2234 193 2274 satis
222 2233 408 2288 vulgatae
429 2236 650 2288 scripturae
681 2233 956 2272 infirmitatem
985 2231 1172 2272 ostendit.

212 2321 274 2360 13.
309 2321 412 2362 Sex.
442 2319 573 2376 Attio]
623 2321 693 2361 Sic
716 2321 949 2374 scripsimus
971 2332 1063 2359 cum
1093 2319 1210 2359 bonis
1241 2318 1379 2358 libris:
1413 2316 1542 2372 quod-

96 2390 158 2430 vis
198 2404 348 2431 nomen
384 2391 546 2433 obscuri
585 2392 706 2433 huius
749 2393 881 2433 coloni
918 2394 1052 2446 potius
1088 2390 1393 2446 praeferendum
1428 2396 1540 2443 erat,

96 2475 218 2516 quam
242 2464 374 2517 ipsum
396 2463 498 2504 illud
516 2466 728 2520 Oppianici
748 2466 896 2505 Statius
917 2465 1058 2504 Albius
1082 2464 1155 2504 cfr.
1179 2478 1221 2519 p.
1243 2462 1283 2516 8,
1306 2477 1344 2503 2.
1350 2494 1366 2515 ,
1396 2477 1540 2518 quam-

95 2535 158 2576 vis
183 2534 261 2576 hoc
283 2539 509 2591 per-omnis
537 2538 731 2578 editiones
757 2537 958 2590 vulgetur.

214 2623 315 2678 124,
353 2624 414 2678 14.
467 2624 516 2664 de
549 2623 571 2643 *
599 2622 723 2662 Ascla
754 2623 942 2679 quodam]
995 2625 1181 2677 Optimos
1221 2623 1338 2666 codd.
1382 2624 1539 2677 sequuti

99 2697 156 2738 sie
184 2697 486 2751 rescripsimus:
523 2710 617 2737 nam
643 2695 720 2736 hoc
757 2695 921 2750 quidem
952 2695 1108 2738 certum
1140 2703 1226 2737 erat
1240 2726 1251 2746 ‚
1290 2709 1436 2736 nomen
1464 2695 1539 2735 ali-
