1846 3178
337 213 430 262 162
878 207 1206 249 AnNoTArio

328 330 582 386 participium
600 360 612 380 ‚
652 328 721 370 sed
763 327 918 383 copulis
959 330 1052 369 satis
1081 328 1324 370 disiunctum
1358 330 1507 370 iterum
1544 326 1701 383 legitur>
1723 339 1764 370 e·

330 416 398 458 29.
426 414 505 459 792
539 403 590 442 L.
620 402 840 458 Quinctius,
869 402 983 440 homo
1011 414 1131 456 quum
1154 415 1310 442 summa
1332 411 1519 458 potestate
1538 399 1766 456 praedita&

327 483 410 515 tum
440 475 502 515 ad
520 473 824 530 inflammandos
851 473 1008 512 animos
1036 473 1296 512 multitudinis
1315 473 1642 513 accommodatus·
1684 464 1686 466 V

437 560 477 600 9.
517 546 616 584 iniri
651 545 754 584 enim
789 542 1008 598 consilium]
1074 543 1260 583 Primum
1308 543 1527 584 multorum
1565 544 1762 584 librorum

328 619 565 658 auctoritate
592 616 639 656 id
652 646 663 665 ‚
715 615 824 669 quod
851 615 972 669 vulgo
1012 621 1104 655 aute
1147 616 1353 655 consilium
1388 615 1570 667 additur,
1608 614 1761 655 delevi-

326 703 444 728 mus:
477 686 640 727 consilio
670 687 777 726 enim
808 686 987 725 nondum
1015 686 1189 738 exposito
1217 699 1438 738 pronomen
1462 685 1760 726 incommodum

326 764 426 798 erat.
486 758 579 808 Quo
604 757 708 796 sacto
737 757 977 810 praestantia
1020 755 1240 809 scripturae
1290 755 1422 806 iniri,
1462 769 1583 809 quam
1619 763 1762 798 contra

325 830 633 880 Tam-inensem,
663 828 734 882 qui
762 829 860 867 inire
888 827 1073 881 praebet,
1106 827 1247 880 optimi
1272 827 1398 866 nostri
1424 833 1607 879 tuentur,
1632 829 1759 883 magis

324 899 480 940 elucet:
531 914 625 939 nam
664 898 776 953 prior
811 899 1031 938 sententiae
1066 912 1157 952 pars
1202 898 1253 937 de
1301 897 1478 937 ineundo
1513 898 1678 939 consilio
1714 900 1758 940 in

323 973 572 1019 universum,
602 969 771 1022 ideoque
801 969 930 1022 aptius
966 984 1038 1022 per
1072 971 1272 1022 passivum
1300 971 1547 1020 enuntiatur,
1577 983 1626 1023 pr
1735 992 1760 1004 -ι

321 1043 395 1082 tim
422 1055 546 1095 quum
574 1039 626 1079 ad
654 1041 831 1080 activum
859 1040 1116 1089 infinitivum,
1149 1042 1181 1080 si
1201 1047 1432 1094 poneretur,
1451 1039 1760 1096 verbum'poue

321 1112 446 1152 nimio
474 1111 688 1151 intervallo
719 1113 941 1151 seiunctum
972 1111 1081 1150 haud
1109 1110 1224 1151 facile
1251 1111 1393 1151 referri
1424 1120 1570 1166 posset.
1626 1114 1673 1154 In
1693 1114 1756 1156 al-

320 1190 407 1222 tera
433 1188 567 1221 autem
598 1190 737 1236 parte,
766 1182 836 1221 ubi
863 1182 1001 1222 addita
1039 1181 1239 1236 particula
1276 1182 1471 1222 eiusmodi
1496 1198 1559 1223 res
1586 1199 1631 1224 ex
1662 1185 1755 1226 uni-

319 1253 465 1295 versali
493 1254 687 1294 sententia
715 1255 757 1293 in
789 1260 1037 1307 praesentem
1064 1257 1261 1293 actionem
1291 1253 1482 1293 translata
1522 1261 1582 1293 est
1602 1284 1614 1307 ,
1661 1270 1756 1297 cum

319 1325 433 1366 libris
460 1324 645 1364 omnibus
667 1325 858 1381 perficere
880 1339 954 1380 pro
980 1324 1142 1380 vulgato
1167 1326 1312 1381 perfici
1342 1326 1515 1379 recipere
1559 1341 1642 1367 non
1678 1327 1756 1368 du-

317 1395 548 1438 bitavimus.

428 1480 495 1506 20.
522 1467 580 1505 ibi
602 1465 727 1522 diem]
796 1465 834 1506 A
862 1474 901 1506 et
927 1466 961 1506 B
991 1465 1034 1509 h.
1061 1466 1090 1509 l.
1131 1466 1204 1506 soli
1235 1481 1374 1508 veram
1409 1468 1648 1522 scripturam
1689 1471 1755 1511 in-

315 1544 548 1590 corruptam
590 1544 937 1590 repraesentant,
966 1537 1111 1576 omissa
1157 1537 1300 1590 copula
1340 1539 1400 1586 et,
1436 1552 1537 1591 quae
1578 1547 1672 1580 ante
1695 1542 1754 1581 ibi

313 1608 566 1648 incommode
611 1610 766 1648 intrusa
805 1616 919 1648 erat:
964 1608 1131 1648 eandem
1176 1609 1300 1651 Taur.
1338 1608 1501 1660 omittit,
1529 1611 1598 1650 sed
1625 1626 1751 1666 quum

311 1679 436 1734 paulo
463 1687 556 1719 ante
597 1680 664 1718 ubi
706 1694 781 1733 pro
818 1680 875 1718 ibi
916 1679 1123 1728 exhibeat,
1154 1679 1262 1734 quod
1287 1680 1536 1721 festinantius
1563 1681 1750 1740 C1.Pey-

310 1752 452 1791 ronius
481 1749 693 1804 probavit,
722 1764 863 1789 verum
894 1764 1031 1789 rursus
1059 1749 1324 1790 oblitteravit.
1383 1751 1556 1806 Vulgata
1585 1754 1752 1808 scriptu·

309 1835 357 1860 ra
395 1830 433 1860 et
469 1822 528 1859 ibi
574 1820 679 1859 diem
714 1819 974 1859 intolerabilis
1002 1826 1110 1859 erat:
1151 1821 1411 1873 quamobrem
1457 1837 1481 1862 a
1517 1825 1750 1866 recentiori-

314 1892 394 1932 bus
422 1891 608 1931 Lambini
655 1893 882 1930 coniectura
922 1899 961 1930 et
985 1892 1128 1930 ibidem
1171 1892 1279 1932 diem
1326 1894 1412 1934 iure
1439 1897 1564 1948 magis
1599 1897 1750 1950 proba-

308 1963 458 2003 batur:
489 1976 598 2001 nnnc
627 1969 761 2000 autem
789 1963 1004 2014 repetitum
1032 1962 1116 2001 sine
1144 1963 1287 2017 copula
1315 1965 1371 2003 ihi
1390 1965 1561 2005 eundem
1587 1981 1749 2008 sensum

308 2036 450 2076 fortius
475 2042 514 2074 et
544 2033 760 2087 elegantius
789 2035 983 2088 exprimit.
1282 2084 1287 2090 .

420 2120 498 2160 27,
527 2105 570 2145 6.
600 2102 783 2157 discedit]
842 2103 988 2142 Merito
1018 2102 1196 2143 Orellius
1227 2104 1415 2159 Peyronii
1445 2108 1642 2148 rationem
1669 2107 1747 2149 im-

308 2178 454 2234 probat
470 2206 482 2230 ,
525 2178 620 2231 qui,
664 2182 823 2228 recepta
862 2174 991 2213 forma
1041 2175 1276 2225 disceditur,
1325 2191 1428 2230 quae
1466 2179 1509 2217 in
1546 2179 1670 2220 Taur.
1705 2188 1747 2221 et

306 2249 415 2289 bona
441 2255 555 2302 parte
587 2255 815 2287 nostrorum
843 2246 1068 2300 legum-,sic
1095 2246 1421 2302 distinguendum
1449 2249 1583 2290 duxit:
1612 2254 1746 2308 appel-

306 2321 368 2360 lac
402 2322 500 2376 ipse.
560 2321 600 2359 T
595 2329 803 2359 estamento
851 2342 905 2350 —
951 2318 1182 2362 disceditur.
1263 2320 1368 2359 Nam
1413 2335 1632 2375 pronomen
1661 2323 1746 2378 ipse

306 2391 435 2445 priori
477 2392 693 2431 sententiae
735 2403 932 2428 annexum
975 2389 1210 2442 langueret:
1260 2391 1374 2430 initio
1410 2405 1507 2431 vero
1545 2396 1746 2446 sequentis

305 2465 580 2518 praepositum
611 2476 738 2516 paene
767 2461 1033 2500 necessarium
1061 2468 1152 2500 est:
1195 2476 1288 2501 nam
1317 2463 1500 2517 deinceps
1539 2472 1742 2516 narratur,

305 2537 402 2590 quid
429 2536 557 2575 tribus
587 2533 664 2574 illis
694 2534 924 2573 hominibus
945 2563 957 2583 ‚
998 2534 1066 2586 qui
1106 2533 1211 2573 hanc
1252 2533 1428 2574 fabulam
1471 2543 1654 2588 egerunt,
1683 2537 1744 2577 fa-

305 2614 416 2646 ctum
445 2609 511 2659 sit,
540 2607 736 2660 cuiusque
763 2605 925 2643 nomine
956 2605 1196 2658 praemisso:
1236 2604 1304 2644 sed
1331 2620 1457 2659 quum
1497 2605 1745 2660 Oppianicus

305 2677 426 2716 modo
454 2678 685 2716 nominatus
714 2682 843 2725 esset,
870 2676 952 2729 ipse
985 2676 1158 2714 nominis
1186 2674 1319 2714 locum
1348 2675 1530 2726 obtinet,
1576 2686 1616 2718 et
1656 2680 1744 2720 eius

304 2748 490 2804 quidem,
533 2749 602 2802 qui
644 2748 767 2787 totius
810 2745 959 2800 negotii
1006 2745 1189 2785 conditor
1215 2746 1357 2786 fuerat.
1432 2749 1568 2800 Quum
1608 2757 1743 2792 autem
