1846 3178
715 98 955 146 cm‘rmA.
1470 117 1564 167 ¹99

234 236 296 265 ιο.
326 222 400 263 sed
422 221 554 262 labori
583 229 621 261 et
661 221 854 276 periculi:
893 219 1000 275 vulg.
1037 219 1109 259 sed
1148 220 1322 274 periculi
1334 233 1350 268 ,0
1399 226 1441 259 at
1478 233 1562 259 non

110 299 231 335 tanta
255 300 316 334 est
342 292 464 333 huius
488 290 566 331 loci
593 291 654 332 vis
681 297 721 330 et
752 290 1016 341 vehementia,
1042 296 1089 329 ut
1120 287 1324 343 anaphora
1351 290 1563 331 commode

115 364 368 407 adhibeatur.

227 433 300 476 105
314 464 327 487 ,
356 448 398 475 2.
429 433 669 486 nominavit]
695 433 781 475 scil.
808 433 885 486 lex,
910 433 1032 488 plane
1058 439 1105 474 ut
1130 447 1273 487 supra:
1302 433 1406 489 quid
1419 433 1560 474 eadem

111 507 184 548 lea·
206 506 340 552 statim
367 505 579 559 adt'ungit?
631 505 698 545 Sic
723 505 876 546 nullam
905 519 1066 546 causam
1094 505 1212 545 video
1255 504 1439 544 mutandi
1466 518 1559 544 cum

112 575 270 617 Orellio
306 577 583 625 (nominantur
608 590 683 630 pro
710 575 965 626 nominarit),
1012 575 1082 628 qui
1110 577 1143 615 si
1170 574 1335 629 vulgata
1361 576 1559 629 scriptura

105 647 346 700 retineatur,
373 648 509 687 omnia
538 646 662 687 haec:
691 646 933 700 deinceps-
949 646 1186 696 nominavit,
1219 661 1242 687 a
1267 646 1433 688 librario
1461 664 1558 703 pro—

102 718 212 760 fecta
233 732 318 759 esse
331 724 503 767 censeat,
523 719 618 772 quia
635 724 794 772 tempus
812 718 1072 771 praeteritum
1092 732 1174 757 non
1189 719 1316 772 possit
1332 727 1451 760 stare.
1478 720 1558 761 Sed

105 792 203 831 satis
229 795 371 830 notum
398 796 474 841 est,
512 789 635 829 libros
662 796 702 829 et
728 788 925 844 quidquid
952 791 1147 842 scriptum
1173 798 1416 839 asservatur,
1447 806 1558 832 nuno

102 862 218 917 quasi
258 861 301 901 in
344 862 569 915 praesentia
613 859 765 915 aliquid
792 861 942 901 referre
973 867 1043 900 aut
1071 862 1277 900 nominare
1308 862 1426 913 dici„
1447 877 1557 903 nunc

102 939 193 973 tum
214 963 228 983 ,
268 945 397 988 quum
439 931 745 984 scribebantur,
781 930 965 972 retulisse
993 938 1032 971 et
1066 933 1313 971 nominasse:
1352 934 1408 973 sic
1449 933 1494 973 h.
1526 934 1555 976 l.

103 1005 244 1047 eadem
271 1005 335 1047 lex
362 1004 484 1048 modo
512 1004 666 1059 aliquid
687 1003 885 1058 admugit,
904 1003 1025 1044 modo
1054 1018 1137 1044 non
1164 1003 1299 1043 minus
1318 1010 1409 1057 apte
1425 1005 1556 1045 omnis

105 1077 358 1132 magistratus
387 1078 624 1118 nominavit.
1353 1065 1356 1067 ’

217 1147 278 1189 15.
305 1146 426 1188 INV
418 1147 463 1188 E
488 1145 645 1187 SENA
651 1146 735 1187 TU
736 1146 757 1203 ]
788 1146 854 1187 Sic
882 1146 974 1187 dedi
999 1147 1174 1200 optimos
1192 1145 1317 1187 libros
1343 1156 1552 1202 sequutus:

99 1231 198 1260 nam
233 1217 344 1273 quod
386 1232 510 1274 supra
537 1233 578 1259 v.
608 1219 651 1259 5.
680 1219 914 1274 legebatur:
957 1218 1154 1274 QUJVE
1191 1219 1265 1259 IN
1293 1219 1552 1271 SENATIJ',

97 1288 141 1331 id
167 1290 437 1331 necessarium
465 1296 551 1330 erat
576 1289 619 1329 in
651 1289 825 1343 abrupta
853 1289 1049 1329 formulae
1078 1289 1198 1328 serie.

216 1374 280 1418 17.
313 1362 412 1418 Quis
436 1375 530 1416 ergo
559 1383 614 1392 -—
642 1361 726 1415 lege
751 1361 852 1401 nolit
864 1359 898 1415 ?]
934 1362 1091 1401 Mutavi
1119 1361 1554 1415 distinctionem,quae

96 1433 219 1490 vulgo
254 1436 312 1475 ita
349 1441 580 1489 comparata
608 1441 718 1483 erat,
763 1435 878 1488 quasi
916 1434 1040 1475 verba
1101 1434 1176 1488 qui
1208 1441 1337 1472 tamen
1363 1455 1419 1463 -—
1448 1434 1551 1473 nolit

95 1519 332 1560 responsum
369 1507 622 1547 continerent
652 1507 897 1560 quaestionis
919 1520 931 1546 ε
971 1505 1069 1560 Quis
1094 1518 1188 1558 ergo
1216 1514 1271 1544 esc
1284 1508 1304 1543 Ρ
1328 1518 1451 1557 quam
1479 1518 1548 1543 ra-

93 1577 248 1617 tionem
275 1578 397 1618 etiam
420 1575 599 1617 Orelhus
629 1590 759 1631 nuper
785 1576 931 1615 diserte
958 1575 1139 1629 exposuit
1166 1581 1206 1614 et
1234 1574 1428 1615 defendit.
1465 1575 1547 1615 Sed

95 1649 246 1688 mirum
273 1655 375 1689 esset
405 1647 613 1688 Cicer0n1s
640 1661 825 1700 acumen,
854 1648 887 1686 si
919 1646 1032 1687 illam
1062 1647 1112 1686 de
1140 1647 1225 1702 lege
1251 1647 1543 1702 quaestionem:

98 1721 198 1775 Quis
223 1735 317 1775 ergo
342 1729 400 1760 est
438 1720 635 1760 Cluentius
679 1719 763 1762 scil.
796 1733 955 1768 eorum,
1002 1721 1074 1775 qui
1098 1721 1172 1760 isca
1216 1721 1298 1774 lege
1339 1725 1547 1760 tenentur?

93 1799 253 1846 praeter
279 1792 460 1832 omnium
490 1792 827 1845 exspectationem
842 1791 958 1831 brevi
983 1805 1144 1831 morum
1173 1793 1258 1831 eius
1277 1791 1546 1845 descriptione

94 1868 136 1901 et
162 1861 284 1902 laude
313 1861 501 1902 solveret.
558 1861 788 1917 Numquam
816 1861 893 1902 boc
924 1861 1025 1902 mihi
1053 1862 1299 1916 persuadeo:
1330 1863 1400 1902 sed
1440 1863 1542 1903 illud

91 1933 144 1973 de
170 1932 258 1988 lege
283 1941 582 1988 argumentum,
611 1949 693 1988 quo
718 1936 812 1975 satis
842 1934 1058 1988 probatum
1087 1942 1187 1983 erat,
1224 1933 1455 1974 Cluentium
1493 1949 1544 1974 ea

92 2018 176 2045 non
206 2005 367 2058 teneri,
395 2005 548 2059 optime
582 2012 719 2046 orator
746 2006 802 2045 sic
830 2006 1081 2059 interrogans
1109 2004 1325 2057 concludit,
1363 2011 1409 2044 ut
1437 2004 1541 2045 nihil

91 2075 329 2130 responderi
367 2077 515 2130 possit:
547 2076 589 2116 Si
636 2076 845 2116 Cluentius
893 2090 1023 2130 neque
1061 2076 1338 2130 magistratum
1378 2077 1536 2129 habuit,

89 2161 224 2202 neque
253 2149 294 2188 in
325 2155 467 2189 senatu
496 2149 736 2189 sententiam
764 2148 888 2197 dixit,
936 2149 1026 2203 quis
1055 2162 1149 2203 ergo
1177 2155 1258 2201 est,
1304 2149 1374 2203 qui
1402 2157 1538 2191 tamen

87 2219 251 2260 defendi
278 2235 440 2262 causam
469 2235 584 2261 snam
611 2221 698 2275 lege
724 2220 856 2260 nolit?
892 2220 936 2260 h.
969 2235 1006 2260 e.
1052 2235 1298 2275 quamquam
1334 2220 1404 2261 ille
1439 2221 1541 2276 legis

86 2291 282 2333 beneficio
309 2293 370 2332 uti
410 2294 597 2332 recusat?
621 2314 676 2322 —
731 2290 887 2346 Nempe
916 2291 1082 2332 omnino
1111 2305 1195 2332 non
1223 2298 1283 2332 est
1314 2292 1421 2332 inter
1450 2306 1537 2346 eos,

85 2363 158 2418 qui
181 2362 270 2419 lege
294 2368 497 2404 tenentur.

202 2434 302 2487 106,
351 2434 414 2477 13.
447 2449 549 2491 quae
577 2443 614 2476 te
640 2450 668 2475 a
695 2449 758 2476 me
792 2435 1017 2476 desiderare
1052 2435 1240 2484 arbitror]
1324 2436 1435 2476 Haec
1474 2443 1534 2477 est

85 2506 240 2561 egregia
271 2507 471 2561 scriptura
502 2508 748 2562 optimorum
786 2507 984 2560 codicum,
1005 2522 1109 2562 quae
1135 2509 1177 2547 in
1206 2508 1368 2562 reliquis
1396 2509 1529 2548 omni-

84 2576 160 2618 bus
185 2592 310 2632 prava
335 2577 595 2619 librariorum
622 2580 869 2620 correctione
896 2581 1063 2630 interiit,
1090 2594 1171 2620 non
1201 2580 1526 2636 intelligentium,

83 2652 165 2694 iam
209 2653 433 2694 orationem
481 2653 533 2694 ad
575 2652 747 2694 Accium
792 2654 1005 2696 converti:
1057 2653 1155 2694 haec
1202 2654 1325 2710 igitur
1357 2655 1460 2695 inter
1488 2667 1532 2694 se
