<?xml version="1.0" encoding="UTF-8"?>
<!DOCTYPE html PUBLIC "-//W3C//DTD XHTML 1.0 Transitional//EN"
    "http://www.w3.org/TR/xhtml1/DTD/xhtml1-transitional.dtd">
<html xmlns="http://www.w3.org/1999/xhtml" xml:lang="en" lang="en">
 <head>
  <title>
</title>
<meta http-equiv="Content-Type" content="text/html;charset=utf-8" />
  <meta name='ocr-system' content='tesseract 3.04.00' />
  <meta name='ocr-capabilities' content='ocr_page ocr_carea ocr_par ocr_line ocrx_word'/>
</head>
<body>
  <div class='ocr_page' id='page_1' title='image "./procluentiolatin00ciceuoft/procluentiolatin00ciceuoft_0014.png"; bbox 0 0 1846 3178; ppageno 0'>
   <div class='ocr_carea' id='block_1_1' title="bbox 308 180 1736 1394">
    <p class='ocr_par' dir='ltr' id='par_1_1' title="bbox 314 180 346 214">
     <span class='ocr_line' id='line_1_1' title="bbox 314 180 346 214; baseline 0 0"><span class='ocrx_word' id='word_1_1' title='bbox 314 180 346 214; x_wconf 75' lang='lat' dir='ltr'>X</span> 
     </span>
    </p>

    <p class='ocr_par' dir='ltr' id='par_1_2' title="bbox 308 290 1736 1307">
     <span class='ocr_line' id='line_1_2' title="bbox 315 290 1731 343; baseline 0.001 -11"><span class='ocrx_word' id='word_1_2' title='bbox 315 295 582 333; x_wconf 84' lang='lat' dir='ltr'><strong>enotaverant.</strong></span> <span class='ocrx_word' id='word_1_3' title='bbox 637 290 844 343; x_wconf 79' lang='lat' dir='ltr'><strong>Quantum</strong></span> <span class='ocrx_word' id='word_1_4' title='bbox 874 297 1007 330; x_wconf 87' lang='lat' dir='ltr'><strong>tamen</strong></span> <span class='ocrx_word' id='word_1_5' title='bbox 1041 296 1224 332; x_wconf 83' lang='lat' dir='ltr'>constans</span> <span class='ocrx_word' id='word_1_6' title='bbox 1253 293 1332 333; x_wconf 85' lang='lat' dir='ltr'><strong>fere</strong></span> <span class='ocrx_word' id='word_1_7' title='bbox 1369 292 1546 333; x_wconf 89' lang='lat' dir='ltr'><strong>omnium</strong></span> <span class='ocrx_word' id='word_1_8' title='bbox 1586 291 1731 333; x_wconf 64' lang='lat' dir='ltr'><strong>bouum</strong></span> 
     </span>
     <span class='ocr_line' id='line_1_3' title="bbox 314 378 1734 422; baseline 0 -4"><span class='ocrx_word' id='word_1_9' title='bbox 314 378 510 419; x_wconf 84' lang='lat' dir='ltr'><strong>librorum</strong></span> <span class='ocrx_word' id='word_1_10' title='bbox 539 393 630 418; x_wconf 89' lang='lat' dir='ltr'><strong>cum</strong></span> <span class='ocrx_word' id='word_1_11' title='bbox 658 380 800 418; x_wconf 87' lang='lat' dir='ltr'><strong>nostris</strong></span> <span class='ocrx_word' id='word_1_12' title='bbox 818 384 1034 418; x_wconf 75' lang='lat' dir='ltr'><strong>consensus</strong></span> <span class='ocrx_word' id='word_1_13' title='bbox 1062 379 1111 418; x_wconf 84' lang='lat' dir='ltr'><strong>ad</strong></span> <span class='ocrx_word' id='word_1_14' title='bbox 1140 380 1418 420; x_wconf 78' lang='lat' dir='ltr'><strong>stabiliendam</strong></span> <span class='ocrx_word' id='word_1_15' title='bbox 1446 393 1587 420; x_wconf 82' lang='lat' dir='ltr'><strong>eorum</strong></span> <span class='ocrx_word' id='word_1_16' title='bbox 1613 378 1734 422; x_wconf 81' lang='lat' dir='ltr'><strong>fidem</strong></span> 
     </span>
     <span class='ocr_line' id='line_1_4' title="bbox 313 463 1732 519; baseline 0 -15"><span class='ocrx_word' id='word_1_17' title='bbox 313 464 456 516; x_wconf 76' lang='lat' dir='ltr'><strong>saciat,</strong></span> <span class='ocrx_word' id='word_1_18' title='bbox 493 478 610 504; x_wconf 87' lang='lat' dir='ltr'><strong>nemo</strong></span> <span class='ocrx_word' id='word_1_19' title='bbox 646 478 726 503; x_wconf 92' lang='lat' dir='ltr'><strong>non</strong></span> <span class='ocrx_word' id='word_1_20' title='bbox 755 464 886 514; x_wconf 78' lang='lat' dir='ltr'><strong>sentit,</strong></span> <span class='ocrx_word' id='word_1_21' title='bbox 913 465 982 519; x_wconf 92' lang='lat' dir='ltr'><strong>qui</strong></span> <span class='ocrx_word' id='word_1_22' title='bbox 1009 466 1164 504; x_wconf 85' lang='lat' dir='ltr'><strong>noverit</strong></span> <span class='ocrx_word' id='word_1_23' title='bbox 1178 495 1189 514; x_wconf 86' lang='lat'>‚</span> <span class='ocrx_word' id='word_1_24' title='bbox 1217 470 1334 519; x_wconf 83' lang='lat' dir='ltr'><strong>quale</strong></span> <span class='ocrx_word' id='word_1_25' title='bbox 1359 467 1531 519; x_wconf 82' lang='lat' dir='ltr'><strong>pretium</strong></span> <span class='ocrx_word' id='word_1_26' title='bbox 1558 470 1598 504; x_wconf 84' lang='lat' dir='ltr'><strong>et</strong></span> <span class='ocrx_word' id='word_1_27' title='bbox 1634 463 1732 505; x_wconf 89' lang='lat' dir='ltr'><strong>olim</strong></span> 
     </span>
     <span class='ocr_line' id='line_1_5' title="bbox 313 551 1733 608; baseline 0 -16"><span class='ocrx_word' id='word_1_28' title='bbox 313 552 517 593; x_wconf 86' lang='lat' dir='ltr'><strong>codicibus</strong></span> <span class='ocrx_word' id='word_1_29' title='bbox 543 553 814 593; x_wconf 86' lang='lat' dir='ltr'><strong>Lambinianis</strong></span> <span class='ocrx_word' id='word_1_30' title='bbox 847 560 887 593; x_wconf 89' lang='lat' dir='ltr'><strong>et</strong></span> <span class='ocrx_word' id='word_1_31' title='bbox 913 553 955 594; x_wconf 88' lang='lat' dir='ltr'><strong>S.</strong></span> <span class='ocrx_word' id='word_1_32' title='bbox 982 554 1153 593; x_wconf 83' lang='lat' dir='ltr'><strong>Victoris</strong></span> <span class='ocrx_word' id='word_1_33' title='bbox 1169 583 1180 603; x_wconf 89' lang='lat'>‚</span> <span class='ocrx_word' id='word_1_34' title='bbox 1227 560 1268 594; x_wconf 91' lang='lat' dir='ltr'><strong>et</strong></span> <span class='ocrx_word' id='word_1_35' title='bbox 1305 567 1430 608; x_wconf 85' lang='lat' dir='ltr'><strong>nuper</strong></span> <span class='ocrx_word' id='word_1_36' title='bbox 1456 551 1560 593; x_wconf 86' lang='lat' dir='ltr'><strong>libro</strong></span> <span class='ocrx_word' id='word_1_37' title='bbox 1585 551 1733 592; x_wconf 78' lang='lat' dir='ltr'><strong>Tauri-</strong></span> 
     </span>
     <span class='ocr_line' id='line_1_6' title="bbox 312 638 1732 693; baseline 0 -15"><span class='ocrx_word' id='word_1_38' title='bbox 312 641 423 679; x_wconf 80' lang='lat' dir='ltr'><strong>nensi</strong></span> <span class='ocrx_word' id='word_1_39' title='bbox 464 641 552 679; x_wconf 86' lang='lat' dir='ltr'><strong>iure</strong></span> <span class='ocrx_word' id='word_1_40' title='bbox 591 646 781 679; x_wconf 87' lang='lat' dir='ltr'><strong>statutum</strong></span> <span class='ocrx_word' id='word_1_41' title='bbox 823 640 888 680; x_wconf 89' lang='lat' dir='ltr'><strong>sit.</strong></span> <span class='ocrx_word' id='word_1_42' title='bbox 964 638 1099 679; x_wconf 84' lang='lat' dir='ltr'>Placet</span> <span class='ocrx_word' id='word_1_43' title='bbox 1139 639 1285 693; x_wconf 82' lang='lat' dir='ltr'><strong>igitur,</strong></span> <span class='ocrx_word' id='word_1_44' title='bbox 1326 641 1511 693; x_wconf 85' lang='lat' dir='ltr'><strong>quamvis</strong></span> <span class='ocrx_word' id='word_1_45' title='bbox 1547 645 1732 678; x_wconf 80' lang='lat' dir='ltr'><strong>accurata</strong></span> 
     </span>
     <span class='ocr_line' id='line_1_7' title="bbox 311 724 1729 781; baseline 0.001 -17"><span class='ocrx_word' id='word_1_46' title='bbox 311 724 429 765; x_wconf 88' lang='lat' dir='ltr'><strong>huius</strong></span> <span class='ocrx_word' id='word_1_47' title='bbox 458 727 513 765; x_wconf 84' lang='lat' dir='ltr'><strong>rei</strong></span> <span class='ocrx_word' id='word_1_48' title='bbox 531 728 702 780; x_wconf 81' lang='lat' dir='ltr'>cognitio</span> <span class='ocrx_word' id='word_1_49' title='bbox 737 741 759 766; x_wconf 90' lang='lat' dir='ltr'><strong>e</strong></span> <span class='ocrx_word' id='word_1_50' title='bbox 778 726 954 768; x_wconf 85' lang='lat' dir='ltr'><strong>lectionis</strong></span> <span class='ocrx_word' id='word_1_51' title='bbox 971 728 1162 768; x_wconf 85' lang='lat' dir='ltr'><strong>varietate</strong></span> <span class='ocrx_word' id='word_1_52' title='bbox 1175 757 1188 779; x_wconf 83' lang='lat'>,</span> <span class='ocrx_word' id='word_1_53' title='bbox 1215 741 1335 781; x_wconf 86' lang='lat' dir='ltr'><strong>quam</strong></span> <span class='ocrx_word' id='word_1_54' title='bbox 1354 727 1544 766; x_wconf 85' lang='lat' dir='ltr'><strong>orationis</strong></span> <span class='ocrx_word' id='word_1_55' title='bbox 1569 733 1729 766; x_wconf 82' lang='lat' dir='ltr'><strong>contex-</strong></span> 
     </span>
     <span class='ocr_line' id='line_1_8' title="bbox 311 812 1734 870; baseline 0.001 -19"><span class='ocrx_word' id='word_1_56' title='bbox 311 813 369 851; x_wconf 89' lang='lat' dir='ltr'><strong>tui</strong></span> <span class='ocrx_word' id='word_1_57' title='bbox 395 812 655 866; x_wconf 84' lang='lat' dir='ltr'><strong>subiecimus,</strong></span> <span class='ocrx_word' id='word_1_58' title='bbox 680 817 762 869; x_wconf 90' lang='lat' dir='ltr'><strong>peti</strong></span> <span class='ocrx_word' id='word_1_59' title='bbox 789 818 911 870; x_wconf 80' lang='lat' dir='ltr'><strong>possit</strong></span> <span class='ocrx_word' id='word_1_60' title='bbox 926 846 937 865; x_wconf 86' lang='lat'>‚</span> <span class='ocrx_word' id='word_1_61' title='bbox 973 816 1012 855; x_wconf 90' lang='lat' dir='ltr'><strong>in</strong></span> <span class='ocrx_word' id='word_1_62' title='bbox 1030 830 1154 855; x_wconf 91' lang='lat' dir='ltr'><strong>unum</strong></span> <span class='ocrx_word' id='word_1_63' title='bbox 1174 815 1307 855; x_wconf 88' lang='lat' dir='ltr'><strong>locum</strong></span> <span class='ocrx_word' id='word_1_64' title='bbox 1324 814 1504 854; x_wconf 62' lang='lat' dir='ltr'><strong>conferre</strong></span> <span class='ocrx_word' id='word_1_65' title='bbox 1522 814 1734 868; x_wconf 86' lang='lat' dir='ltr'><strong>praecipua</strong></span> 
     </span>
     <span class='ocr_line' id='line_1_9' title="bbox 312 901 1735 956; baseline -0.002 -14"><span class='ocrx_word' id='word_1_66' title='bbox 312 901 486 956; x_wconf 85' lang='lat' dir='ltr'><strong>exempla</strong></span> <span class='ocrx_word' id='word_1_67' title='bbox 502 932 512 950; x_wconf 89' lang='lat'>‚</span> <span class='ocrx_word' id='word_1_68' title='bbox 542 902 687 956; x_wconf 86' lang='lat' dir='ltr'><strong>quibus</strong></span> <span class='ocrx_word' id='word_1_69' title='bbox 714 902 868 942; x_wconf 87' lang='lat' dir='ltr'><strong>codices</strong></span> <span class='ocrx_word' id='word_1_70' title='bbox 900 903 984 954; x_wconf 85' lang='lat' dir='ltr'><strong>illi,</strong></span> <span class='ocrx_word' id='word_1_71' title='bbox 1014 917 1113 956; x_wconf 89' lang='lat' dir='ltr'><strong>quos</strong></span> <span class='ocrx_word' id='word_1_72' title='bbox 1140 917 1210 942; x_wconf 91' lang='lat' dir='ltr'><strong>nos</strong></span> <span class='ocrx_word' id='word_1_73' title='bbox 1237 903 1485 956; x_wconf 88' lang='lat' dir='ltr'><strong>potissimum</strong></span> <span class='ocrx_word' id='word_1_74' title='bbox 1509 901 1735 955; x_wconf 79' lang='lat' dir='ltr'><strong>sequimur,</strong></span> 
     </span>
     <span class='ocr_line' id='line_1_10' title="bbox 310 987 1736 1041; baseline -0.002 -12"><span class='ocrx_word' id='word_1_75' title='bbox 310 1002 400 1030; x_wconf 89' lang='lat' dir='ltr'><strong>cum</strong></span> <span class='ocrx_word' id='word_1_76' title='bbox 428 991 667 1031; x_wconf 84' lang='lat' dir='ltr'><strong>Taurinensi</strong></span> <span class='ocrx_word' id='word_1_77' title='bbox 709 999 749 1031; x_wconf 85' lang='lat' dir='ltr'><strong>et</strong></span> <span class='ocrx_word' id='word_1_78' title='bbox 787 991 1058 1031; x_wconf 83' lang='lat' dir='ltr'><strong>Lambinianis</strong></span> <span class='ocrx_word' id='word_1_79' title='bbox 1097 991 1353 1031; x_wconf 87' lang='lat' dir='ltr'><strong>conveniunt.</strong></span> <span class='ocrx_word' id='word_1_80' title='bbox 1406 988 1586 1029; x_wconf 82' lang='lat' dir='ltr'><strong>Primum</strong></span> <span class='ocrx_word' id='word_1_81' title='bbox 1614 987 1736 1041; x_wconf 77' lang='lat' dir='ltr'><strong>igitur</strong></span> 
     </span>
     <span class='ocr_line' id='line_1_11' title="bbox 308 1071 1734 1133; baseline -0.004 -14"><span class='ocrx_word' id='word_1_82' title='bbox 308 1079 565 1119; x_wconf 81' lang='lat' dir='ltr'><strong>Taurinensis</strong></span> <span class='ocrx_word' id='word_1_83' title='bbox 591 1093 804 1120; x_wconf 87' lang='lat' dir='ltr'><strong>consensus</strong></span> <span class='ocrx_word' id='word_1_84' title='bbox 841 1079 903 1118; x_wconf 88' lang='lat' dir='ltr'><strong>his</strong></span> <span class='ocrx_word' id='word_1_85' title='bbox 930 1079 1010 1119; x_wconf 86' lang='lat' dir='ltr'><strong>fere</strong></span> <span class='ocrx_word' id='word_1_86' title='bbox 1048 1079 1144 1118; x_wconf 90' lang='lat' dir='ltr'><strong>locis</strong></span> <span class='ocrx_word' id='word_1_87' title='bbox 1179 1079 1442 1133; x_wconf 83' lang='lat' dir='ltr'><strong>conspicitur,</strong></span> <span class='ocrx_word' id='word_1_88' title='bbox 1499 1071 1547 1116; x_wconf 58' lang='lat' dir='ltr'><strong>&#39;in</strong></span> <span class='ocrx_word' id='word_1_89' title='bbox 1587 1074 1734 1130; x_wconf 87' lang='lat' dir='ltr'><strong>quibus</strong></span> 
     </span>
     <span class='ocr_line' id='line_1_12' title="bbox 309 1163 1727 1219; baseline -0.004 -13"><span class='ocrx_word' id='word_1_90' title='bbox 309 1180 445 1207; x_wconf 86' lang='lat' dir='ltr'><strong>veram</strong></span> <span class='ocrx_word' id='word_1_91' title='bbox 471 1166 708 1206; x_wconf 87' lang='lat' dir='ltr'><strong>recensionis</strong></span> <span class='ocrx_word' id='word_1_92' title='bbox 746 1166 1012 1206; x_wconf 82' lang='lat' dir='ltr'><strong>diversitatem</strong></span> <span class='ocrx_word' id='word_1_93' title='bbox 1047 1167 1173 1205; x_wconf 88' lang='lat' dir='ltr'><strong>inesse</strong></span> <span class='ocrx_word' id='word_1_94' title='bbox 1211 1165 1390 1219; x_wconf 84' lang='lat' dir='ltr'><strong>inprimis</strong></span> <span class='ocrx_word' id='word_1_95' title='bbox 1428 1163 1586 1204; x_wconf 86' lang='lat' dir='ltr'><strong>diversa</strong></span> <span class='ocrx_word' id='word_1_96' title='bbox 1611 1175 1727 1216; x_wconf 83' lang='lat' dir='ltr'><strong>saepe</strong></span> 
     </span>
     <span class='ocr_line' id='line_1_13' title="bbox 308 1251 1503 1307; baseline -0.003 -14"><span class='ocrx_word' id='word_1_97' title='bbox 308 1267 332 1293; x_wconf 82' lang='lat' dir='ltr'>a</span> <span class='ocrx_word' id='word_1_98' title='bbox 364 1252 523 1307; x_wconf 83' lang='lat' dir='ltr'><strong>vulgata</strong></span> <span class='ocrx_word' id='word_1_99' title='bbox 552 1255 745 1307; x_wconf 87' lang='lat' dir='ltr'><strong>scriptura</strong></span> <span class='ocrx_word' id='word_1_100' title='bbox 772 1254 985 1294; x_wconf 82' lang='lat' dir='ltr'><strong>verborum</strong></span> <span class='ocrx_word' id='word_1_101' title='bbox 1012 1251 1219 1292; x_wconf 87' lang='lat' dir='ltr'><strong>collocatio</strong></span> <span class='ocrx_word' id='word_1_102' title='bbox 1246 1251 1503 1291; x_wconf 83' lang='lat' dir='ltr'><strong>demonstrat.</strong></span> 
     </span>
    </p>

    <p class='ocr_par' dir='ltr' id='par_1_3' title="bbox 362 1336 1653 1394">
     <span class='ocr_line' id='line_1_14' title="bbox 362 1336 1653 1394; baseline -0.003 -15"><span class='ocrx_word' id='word_1_103' title='bbox 362 1339 498 1380; x_wconf 88' lang='lat' dir='ltr'><strong>Lectio</strong></span> <span class='ocrx_word' id='word_1_104' title='bbox 524 1341 708 1381; x_wconf 88' lang='lat' dir='ltr'><strong>editionis</strong></span> <span class='ocrx_word' id='word_1_105' title='bbox 726 1348 883 1381; x_wconf 83' lang='lat' dir='ltr'><strong>nostrae</strong></span> <span class='ocrx_word' id='word_1_106' title='bbox 908 1339 1167 1394; x_wconf 85' lang='lat' dir='ltr'><strong>Palimpsesto</strong></span> <span class='ocrx_word' id='word_1_107' title='bbox 1306 1338 1444 1377; x_wconf 86' lang='lat' dir='ltr'><strong>Lecti0</strong></span> <span class='ocrx_word' id='word_1_108' title='bbox 1475 1336 1653 1391; x_wconf 83' lang='lat' dir='ltr'><strong>vulgata.</strong></span> 
     </span>
    </p>
   </div>
   <div class='ocr_carea' id='block_1_2' title="bbox 489 1428 1038 1479">
    <p class='ocr_par' dir='ltr' id='par_1_4' title="bbox 489 1428 1038 1479">
     <span class='ocr_line' id='line_1_15' title="bbox 489 1428 1038 1479; baseline -0.002 -11"><span class='ocrx_word' id='word_1_109' title='bbox 489 1428 730 1468; x_wconf 82' lang='lat' dir='ltr'><strong>Taurinensi</strong></span> <span class='ocrx_word' id='word_1_110' title='bbox 757 1429 1002 1468; x_wconf 81' lang='lat' dir='ltr'><strong>confirmata.</strong></span> <span class='ocrx_word' id='word_1_111' title='bbox 1030 1431 1038 1479; x_wconf 55' lang='grc' dir='ltr'><strong><em>ζ</em></strong></span> 
     </span>
    </p>
   </div>
   <div class='ocr_carea' id='block_1_3' title="bbox 303 1508 1741 2614">
    <p class='ocr_par' dir='ltr' id='par_1_5' title="bbox 303 1508 1734 1568">
     <span class='ocr_line' id='line_1_16' title="bbox 303 1508 1734 1568; baseline -0.003 -12"><span class='ocrx_word' id='word_1_112' title='bbox 303 1515 350 1556; x_wconf 93' lang='grc' dir='ltr'><strong>Ρ.</strong></span> <span class='ocrx_word' id='word_1_113' title='bbox 390 1515 429 1567; x_wconf 71' lang='grc'><strong>4,</strong></span> <span class='ocrx_word' id='word_1_114' title='bbox 464 1529 477 1554; x_wconf 92' lang='lat'>1</span> <span class='ocrx_word' id='word_1_115' title='bbox 491 1529 526 1555; x_wconf 89' lang='lat'><strong>1.</strong></span> <span class='ocrx_word' id='word_1_116' title='bbox 556 1517 598 1555; x_wconf 85' lang='lat' dir='ltr'><strong>in</strong></span> <span class='ocrx_word' id='word_1_117' title='bbox 631 1516 710 1556; x_wconf 79' lang='lat' dir='ltr'><strong>hac</strong></span> <span class='ocrx_word' id='word_1_118' title='bbox 734 1513 963 1568; x_wconf 77' lang='lat' dir='ltr'><strong>dzfficulcate</strong></span> <span class='ocrx_word' id='word_1_119' title='bbox 1210 1512 1254 1552; x_wconf 84' lang='lat' dir='ltr'><strong>in</strong></span> <span class='ocrx_word' id='word_1_120' title='bbox 1285 1513 1357 1551; x_wconf 79' lang='lat' dir='ltr'><strong>hac</strong></span> <span class='ocrx_word' id='word_1_121' title='bbox 1373 1520 1483 1552; x_wconf 82' lang='lat' dir='ltr'><strong>tanta</strong></span> <span class='ocrx_word' id='word_1_122' title='bbox 1505 1508 1734 1564; x_wconf 62' lang='lat' dir='ltr'><strong>difficultate</strong></span> 
     </span>
    </p>

    <p class='ocr_par' dir='ltr' id='par_1_6' title="bbox 307 1599 1313 1656">
     <span class='ocr_line' id='line_1_17' title="bbox 307 1599 1313 1656; baseline -0.004 -16"><span class='ocrx_word' id='word_1_123' title='bbox 307 1618 328 1640; x_wconf 67' lang='grc' dir='ltr'><strong><em>ι</em></strong></span> <span class='ocrx_word' id='word_1_124' title='bbox 384 1602 424 1652; x_wconf 87' lang='grc'><strong>6,</strong></span> <span class='ocrx_word' id='word_1_125' title='bbox 482 1615 525 1656; x_wconf 87' lang='grc'><strong>9.</strong></span> <span class='ocrx_word' id='word_1_126' title='bbox 558 1602 688 1642; x_wconf 81' lang='lat' dir='ltr'><strong>oratio</strong></span> <span class='ocrx_word' id='word_1_127' title='bbox 1211 1599 1313 1637; x_wconf 79' lang='lat' dir='ltr'><strong>ratio</strong></span> 
     </span>
    </p>

    <p class='ocr_par' dir='ltr' id='par_1_7' title="bbox 307 1684 1570 1741">
     <span class='ocr_line' id='line_1_18' title="bbox 307 1684 1570 1741; baseline -0.002 -14"><span class='ocrx_word' id='word_1_128' title='bbox 307 1705 328 1727; x_wconf 76' lang='grc' dir='ltr'><strong>ιι</strong></span> <span class='ocrx_word' id='word_1_129' title='bbox 365 1688 429 1741; x_wconf 70' lang='grc'><strong>14,</strong></span> <span class='ocrx_word' id='word_1_130' title='bbox 463 1689 524 1728; x_wconf 78' lang='lat'><strong>13.</strong></span> <span class='ocrx_word' id='word_1_131' title='bbox 554 1688 616 1727; x_wconf 83' lang='lat' dir='ltr'><strong>sin</strong></span> <span class='ocrx_word' id='word_1_132' title='bbox 643 1695 755 1727; x_wconf 78' lang='lat' dir='ltr'><strong>erunt</strong></span> <span class='ocrx_word' id='word_1_133' title='bbox 1209 1684 1271 1724; x_wconf 83' lang='lat' dir='ltr'><strong>sin</strong></span> <span class='ocrx_word' id='word_1_134' title='bbox 1297 1691 1428 1723; x_wconf 81' lang='lat' dir='ltr'><strong>autem</strong></span> <span class='ocrx_word' id='word_1_135' title='bbox 1455 1693 1570 1724; x_wconf 78' lang='lat' dir='ltr'><strong>enmt</strong></span> 
     </span>
    </p>

    <p class='ocr_par' dir='ltr' id='par_1_8' title="bbox 308 1773 1692 1830">
     <span class='ocr_line' id='line_1_19' title="bbox 308 1773 1692 1830; baseline -0.001 -15"><span class='ocrx_word' id='word_1_136' title='bbox 308 1794 327 1815; x_wconf 73' lang='grc' dir='ltr'><strong>ιι</strong></span> <span class='ocrx_word' id='word_1_137' title='bbox 363 1776 423 1826; x_wconf 85' lang='lat'><strong>16,</strong></span> <span class='ocrx_word' id='word_1_138' title='bbox 489 1789 523 1815; x_wconf 77' lang='grc' dir='ltr'><strong>ι.</strong></span> <span class='ocrx_word' id='word_1_139' title='bbox 537 1775 716 1828; x_wconf 77' lang='lat' dir='ltr'><strong>fratrem</strong></span> <span class='ocrx_word' id='word_1_140' title='bbox 744 1773 902 1830; x_wconf 82' lang='lat' dir='ltr'><strong>reliquit</strong></span> <span class='ocrx_word' id='word_1_141' title='bbox 1190 1773 1371 1826; x_wconf 69' lang='lat' dir='ltr'><strong>fratrem</strong></span> <span class='ocrx_word' id='word_1_142' title='bbox 1398 1786 1508 1814; x_wconf 79' lang='lat' dir='ltr'><strong>suum</strong></span> <span class='ocrx_word' id='word_1_143' title='bbox 1536 1773 1692 1829; x_wconf 71' lang='lat' dir='ltr'><strong>reliquit</strong></span> 
     </span>
    </p>

    <p class='ocr_par' dir='ltr' id='par_1_9' title="bbox 308 1859 1515 1914">
     <span class='ocr_line' id='line_1_20' title="bbox 308 1859 1515 1914; baseline -0.001 -14"><span class='ocrx_word' id='word_1_144' title='bbox 308 1879 328 1900; x_wconf 67' lang='lat' dir='ltr'>n</span> <span class='ocrx_word' id='word_1_145' title='bbox 361 1885 429 1912; x_wconf 87' lang='lat'><strong>—,</strong></span> <span class='ocrx_word' id='word_1_146' title='bbox 488 1859 529 1913; x_wconf 75' lang='grc'><strong>4.</strong></span> <span class='ocrx_word' id='word_1_147' title='bbox 561 1861 742 1902; x_wconf 79' lang='lat' dir='ltr'><strong>heredem</strong></span> <span class='ocrx_word' id='word_1_148' title='bbox 766 1862 873 1913; x_wconf 69' lang='lat' dir='ltr'><strong>fecit</strong></span> <span class='ocrx_word' id='word_1_149' title='bbox 1196 1861 1305 1914; x_wconf 80' lang='lat' dir='ltr'><strong>fecit</strong></span> <span class='ocrx_word' id='word_1_150' title='bbox 1333 1861 1515 1900; x_wconf 79' lang='lat' dir='ltr'><strong>heredem</strong></span> 
     </span>
    </p>

    <p class='ocr_par' dir='ltr' id='par_1_10' title="bbox 306 1931 1730 2005">
     <span class='ocr_line' id='line_1_21' title="bbox 306 1931 1730 2005; baseline -0.001 -18"><span class='ocrx_word' id='word_1_151' title='bbox 306 1968 325 1987; x_wconf 71' lang='lat' dir='ltr'>u</span> <span class='ocrx_word' id='word_1_152' title='bbox 361 1973 430 2002; x_wconf 85' lang='lat'><strong>—,</strong></span> <span class='ocrx_word' id='word_1_153' title='bbox 465 1963 524 1990; x_wconf 79' lang='lat' dir='ltr'><strong>xo.</strong></span> <span class='ocrx_word' id='word_1_154' title='bbox 556 1949 812 2005; x_wconf 79' lang='lat' dir='ltr'><strong>recuperandi</strong></span> <span class='ocrx_word' id='word_1_155' title='bbox 831 1948 918 2003; x_wconf 72' lang='lat' dir='ltr'><strong>filii</strong></span> <span class='ocrx_word' id='word_1_156' title='bbox 1190 1948 1287 2004; x_wconf 74' lang='lat' dir='ltr'><strong>filii</strong></span> <span class='ocrx_word' id='word_1_157' title='bbox 1311 1962 1444 2003; x_wconf 80' lang='lat' dir='ltr'><strong>recup.</strong></span> <span class='ocrx_word' id='word_1_158' title='bbox 1717 1931 1730 1947; x_wconf 61' lang='lat'><em>⁶</em></span> 
     </span>
    </p>

    <p class='ocr_par' dir='ltr' id='par_1_11' title="bbox 306 2033 1741 2178">
     <span class='ocr_line' id='line_1_22' title="bbox 306 2033 1741 2093; baseline -0.003 -14"><span class='ocrx_word' id='word_1_159' title='bbox 306 2056 325 2076; x_wconf 66' lang='grc' dir='ltr'><strong>π»</strong></span> <span class='ocrx_word' id='word_1_160' title='bbox 366 2053 430 2093; x_wconf 81' lang='lat'><strong>17,</strong></span> <span class='ocrx_word' id='word_1_161' title='bbox 464 2051 527 2078; x_wconf 86' lang='lat'><strong>12.</strong></span> <span class='ocrx_word' id='word_1_162' title='bbox 555 2036 804 2077; x_wconf 79' lang='lat' dir='ltr'><strong>adolescentis</strong></span> <span class='ocrx_word' id='word_1_163' title='bbox 829 2050 986 2091; x_wconf 78' lang='lat' dir='ltr'><strong>suosque</strong></span> <span class='ocrx_word' id='word_1_164' title='bbox 1206 2034 1456 2075; x_wconf 55' lang='lat' dir='ltr'><strong>adolescentes</strong></span> <span class='ocrx_word' id='word_1_165' title='bbox 1490 2033 1741 2090; x_wconf 81' lang='lat' dir='ltr'><strong>propinquos.</strong></span> 
     </span>
     <span class='ocr_line' id='line_1_23' title="bbox 1211 2137 1369 2178; baseline 0 -16"><span class='ocrx_word' id='word_1_166' title='bbox 1211 2137 1369 2178; x_wconf 79' lang='lat' dir='ltr'><strong>suosque</strong></span> 
     </span>
    </p>

    <p class='ocr_par' dir='ltr' id='par_1_12' title="bbox 309 2209 1446 2266">
     <span class='ocr_line' id='line_1_24' title="bbox 309 2209 1446 2266; baseline -0.004 -15"><span class='ocrx_word' id='word_1_167' title='bbox 309 2228 330 2251; x_wconf 66' lang='grc' dir='ltr'><strong>ι</strong></span> <span class='ocrx_word' id='word_1_168' title='bbox 359 2231 429 2264; x_wconf 69' lang='grc' dir='ltr'><strong>-ν,</strong></span> <span class='ocrx_word' id='word_1_169' title='bbox 466 2225 529 2266; x_wconf 86' lang='lat'><strong>¹7·</strong></span> <span class='ocrx_word' id='word_1_170' title='bbox 554 2211 866 2266; x_wconf 80' lang='lat' dir='ltr'><strong>perpropinquus</strong></span> <span class='ocrx_word' id='word_1_171' title='bbox 1206 2209 1446 2263; x_wconf 80' lang='lat' dir='ltr'><strong>propinquus</strong></span> 
     </span>
    </p>

    <p class='ocr_par' dir='ltr' id='par_1_13' title="bbox 306 2295 1433 2352">
     <span class='ocr_line' id='line_1_25' title="bbox 306 2295 1433 2352; baseline -0.003 -16"><span class='ocrx_word' id='word_1_172' title='bbox 306 2317 326 2336; x_wconf 61' lang='grc' dir='ltr'><strong>ιι</strong></span> <span class='ocrx_word' id='word_1_173' title='bbox 363 2298 432 2352; x_wconf 83' lang='lat'><strong>25,</strong></span> <span class='ocrx_word' id='word_1_174' title='bbox 494 2311 526 2342; x_wconf 78' lang='grc' dir='ltr'><strong>ι.</strong></span> <span class='ocrx_word' id='word_1_175' title='bbox 586 2300 692 2339; x_wconf 76' lang='lat' dir='ltr'><strong>cuius</strong></span> <span class='ocrx_word' id='word_1_176' title='bbox 1211 2295 1328 2349; x_wconf 80' lang='lat' dir='ltr'><strong>quum</strong></span> <span class='ocrx_word' id='word_1_177' title='bbox 1354 2296 1433 2334; x_wconf 75' lang='lat' dir='ltr'><strong>eius</strong></span> 
     </span>
    </p>

    <p class='ocr_par' dir='ltr' id='par_1_14' title="bbox 306 2383 1466 2440">
     <span class='ocr_line' id='line_1_26' title="bbox 306 2383 1466 2440; baseline -0.004 -13"><span class='ocrx_word' id='word_1_178' title='bbox 306 2405 324 2423; x_wconf 77' lang='lat' dir='ltr'><strong>n</strong></span> <span class='ocrx_word' id='word_1_179' title='bbox 363 2386 432 2440; x_wconf 78' lang='lat'><strong>26,</strong></span> <span class='ocrx_word' id='word_1_180' title='bbox 463 2400 528 2427; x_wconf 86' lang='lat'><strong>20.</strong></span> <span class='ocrx_word' id='word_1_181' title='bbox 557 2386 612 2426; x_wconf 83' lang='lat' dir='ltr'><strong>ibi</strong></span> <span class='ocrx_word' id='word_1_182' title='bbox 639 2386 744 2426; x_wconf 85' lang='lat' dir='ltr'><strong>diem</strong></span> <span class='ocrx_word' id='word_1_183' title='bbox 1213 2393 1251 2424; x_wconf 87' lang='lat' dir='ltr'><strong>et</strong></span> <span class='ocrx_word' id='word_1_184' title='bbox 1278 2383 1335 2423; x_wconf 80' lang='lat' dir='ltr'><strong>ibi</strong></span> <span class='ocrx_word' id='word_1_185' title='bbox 1361 2383 1466 2423; x_wconf 81' lang='lat' dir='ltr'><strong>diem</strong></span> 
     </span>
    </p>

    <p class='ocr_par' dir='ltr' id='par_1_15' title="bbox 309 2472 1456 2529">
     <span class='ocr_line' id='line_1_27' title="bbox 309 2472 1456 2529; baseline -0.004 -15"><span class='ocrx_word' id='word_1_186' title='bbox 309 2492 329 2513; x_wconf 79' lang='lat'><strong>»</strong></span> <span class='ocrx_word' id='word_1_187' title='bbox 363 2474 429 2525; x_wconf 87' lang='lat'><strong>52,</strong></span> <span class='ocrx_word' id='word_1_188' title='bbox 467 2472 528 2516; x_wconf 85' lang='lat'><strong>¹5.</strong></span> <span class='ocrx_word' id='word_1_189' title='bbox 558 2475 628 2515; x_wconf 82' lang='lat' dir='ltr'><strong>illo</strong></span> <span class='ocrx_word' id='word_1_190' title='bbox 655 2484 827 2529; x_wconf 78' lang='lat' dir='ltr'><strong>tempore</strong></span> <span class='ocrx_word' id='word_1_191' title='bbox 1214 2485 1258 2511; x_wconf 86' lang='lat' dir='ltr'><strong>eo</strong></span> <span class='ocrx_word' id='word_1_192' title='bbox 1286 2479 1456 2525; x_wconf 82' lang='lat' dir='ltr'><strong>tempore</strong></span> 
     </span>
    </p>

    <p class='ocr_par' dir='ltr' id='par_1_16' title="bbox 311 2556 1480 2614">
     <span class='ocr_line' id='line_1_28' title="bbox 311 2556 1480 2614; baseline -0.005 -15"><span class='ocrx_word' id='word_1_193' title='bbox 311 2579 329 2599; x_wconf 72' lang='lat' dir='ltr'><strong>n</strong></span> <span class='ocrx_word' id='word_1_194' title='bbox 362 2561 430 2614; x_wconf 75' lang='grc'><strong>54,</strong></span> <span class='ocrx_word' id='word_1_195' title='bbox 494 2577 527 2601; x_wconf 86' lang='lat'><strong>1.</strong></span> <span class='ocrx_word' id='word_1_196' title='bbox 559 2563 744 2610; x_wconf 79' lang='lat' dir='ltr'><strong>homines,</strong></span> <span class='ocrx_word' id='word_1_197' title='bbox 775 2560 841 2613; x_wconf 79' lang='lat' dir='ltr'><strong>qui</strong></span> <span class='ocrx_word' id='word_1_198' title='bbox 868 2559 937 2599; x_wconf 75' lang='lat' dir='ltr'><strong>hoc</strong></span> <span class='ocrx_word' id='word_1_199' title='bbox 1216 2557 1384 2596; x_wconf 79' lang='lat' dir='ltr'><strong>homines</strong></span> <span class='ocrx_word' id='word_1_200' title='bbox 1412 2556 1480 2594; x_wconf 82' lang='lat' dir='ltr'><strong>hoc</strong></span> 
     </span>
    </p>
   </div>
   <div class='ocr_carea' id='block_1_4' title="bbox 310 2642 1458 2700">
    <p class='ocr_par' dir='ltr' id='par_1_17' title="bbox 310 2642 1458 2700">
     <span class='ocr_line' id='line_1_29' title="bbox 310 2642 1458 2700; baseline -0.018 -1"><span class='ocrx_word' id='word_1_201' title='bbox 310 2664 331 2684; x_wconf 77' lang='lat'>¹</span> <span class='ocrx_word' id='word_1_202' title='bbox 365 2672 430 2697; x_wconf 67' lang='lat'><strong>-2</strong></span> <span class='ocrx_word' id='word_1_203' title='bbox 489 2659 529 2700; x_wconf 54' lang='lat'><strong>9⁴-</strong></span> <span class='ocrx_word' id='word_1_204' title='bbox 560 2649 803 2688; x_wconf 69' lang='lat' dir='ltr'><strong>absolverunt</strong></span> <span class='ocrx_word' id='word_1_205' title='bbox 1217 2642 1458 2682; x_wconf 77' lang='lat' dir='ltr'><strong>absolverent</strong></span> 
     </span>
    </p>
   </div>
  </div>
 </body>
</html>
