1846 3178
707 121 952 164 CRITIGA.
1459 142 1478 173 1
1487 125 1549 175 85

110 241 248 284 addito
266 271 280 296 ,
315 250 387 285 aut
425 244 468 284 in
508 242 630 284 rebus
659 245 824 299 poeticis
867 250 906 283 et
948 255 1042 283 ve1e
1076 241 1269 281 fabulosis
1313 256 1432 282 ausus
1462 249 1547 294 θεῖς

111 311 191 355 hoc
233 327 355 355 censu
391 313 490 354 dicit
527 313 578 354 de
607 314 698 354 Inv.
730 315 777 367 Ι,
814 329 875 369 ¹9·
906 328 984 369 27:
1016 313 1170 366 sabula
1212 322 1268 352 est
1295 314 1340 353 in
1363 329 1440 370 qua
1481 328 1550 355 nec

106 398 227 426 verae
254 401 326 427 nec
349 387 586 426 verisimiles
618 401 680 427 res
711 388 958 427 continentur
975 417 986 436 ‚
1017 385 1235 427 cuiusmodi
1259 394 1339 424 est.-
1392 384 1549 438 Angues

112 458 282 511 ingenoes
322 458 436 498 alites
463 458 587 498 iuncti
610 459 716 512 iugo.
746 457 829 498 Off.
862 457 922 506 ll,
955 472 995 512 9.
1025 458 1094 512 39:
1123 458 1234 513 ficta
1275 466 1314 497 et
1353 470 1549 497 commen·

108 528 201 568 titia
210 528 378 581 sabula.
424 543 497 583 pro
538 529 630 569 Mil.
677 529 719 569 3.
765 526 792 568 8
814 543 825 568 ι
838 528 967 585 fictae
977 530 1168 581 fabulae.
1225 529 1412 581 Denique
1451 526 1550 566 dare

93 598 285 652 fabulam
312 607 372 639 est
398 600 561 655 quidem
590 600 796 639 Ciceronis
823 601 892 639 sed
922 602 976 640 ita
1006 609 1050 641 ut
1074 602 1148 641 sit:
1201 599 1379 640 fabulam
1420 599 1547 639 sceni-

109 680 199 709 cam
235 669 385 723 populo
419 671 675 725 spectandam
708 671 906 721 exhibere,
957 671 1138 725 (Tuscul.
1167 672 1199 722 1,
1233 673 1280 712 3:
1312 672 1451 710 Livius
1465 670 1549 721 fa-

107 740 240 781 hulam
266 742 390 796 dedit)
434 758 634 799 nusquam
661 744 868 784 mendacia
895 743 1105 783 venditare
1121 773 1132 791 ‚
1186 751 1233 783 ut
1281 750 1420 783 nostro
1459 740 1550 782 loco

105 812 452 868 interpretandum
479 816 596 860 foret.
625 818 741 869 Quae
772 831 896 871 quum
912 818 967 855 ita
995 818 1089 865 sint,
1114 822 1236 855 restat
1269 823 1314 855 ut
1334 813 1548 854 difficulta-

105 891 189 926 tem
207 884 335 938 illam,
352 886 668 942 interpolationis
690 892 871 937 causam,
895 886 1205 941 perpendamus.
1244 886 1370 939 Atqui
1397 890 1547 925 resecto

105 956 380 998 additamento
421 958 491 999 illo
536 960 647 1000 locus
692 959 921 1000 sanissimus
959 966 1040 999 est:
1088 958 1271 997 Staienus
1311 958 1432 1006 enim,
1462 957 1552 997 sive

106 1036 282 1070 extrema
319 1030 551 1069 necessitate
591 1036 750 1068 coactus
763 1058 775 1078 ,
807 1031 893 1068 sive
920 1043 944 1068 a
975 1028 1151 1082 Cethego
1181 1027 1409 1066 admonitus
1437 1025 1547 1066 frau-

103 1099 196 1140 dem
228 1101 492 1156 excogitavit:
534 1113 630 1138 nam
656 1101 727 1139 etsi
756 1097 967 1139 consilium
1000 1097 1215 1139 simulandi
1246 1095 1297 1136 ab
1325 1096 1403 1136 alio
1432 1109 1545 1135 acce-

102 1173 185 1227 pit,
229 1173 315 1228 ipse
356 1179 490 1212 tamen
532 1186 619 1214 rem
660 1186 821 1212 omnem
864 1172 1049 1212 instruxit
1083 1179 1123 1212 et
1153 1171 1392 1221 adornavit,
1436 1169 1547 1224 quod

103 1244 235 1298 ipsum
251 1274 264 1295 ,
329 1245 552 1299 postposito
591 1245 825 1298 praesertim
871 1245 1082 1298 participio
1145 1244 1369 1283 admonitus
1390 1270 1403 1292 ,
1453 1248 1566 1286 taur

102 1328 226 1369 quam
282 1315 407 1356 altera
449 1315 686 1370 significatio
729 1316 941 1356 commode
986 1315 1114 1356 verbo
1150 1316 1374 1369 excogitare
1418 1320 1550 1369 potest

103 1384 363 1442 subintelligi.

212 1479 282 1531 61,
313 1495 355 1536 9.
381 1483 453 1538 qui
480 1495 567 1522 cum
593 1491 718 1522 matre
753 1482 918 1522 habebat
957 1481 1188 1538 simultates]
1281 1484 1422 1536 Quum
1464 1483 1549 1525 duo

101 1554 243 1607 optimi
281 1554 407 1593 nostri
447 1559 489 1594 et
527 1552 635 1594 bona
661 1568 765 1609 pars
793 1561 1018 1594 ceterorum
1063 1555 1246 1594 codicum
1273 1555 1398 1595 verba
1435 1556 1549 1596 habe-

101 1624 170 1664 bat
195 1626 411 1665 simultates
435 1633 639 1677 tueantur,
668 1641 750 1666 non
778 1627 945 1676 dubito,
981 1628 1079 1681 quin
1108 1640 1244 1666 errore
1272 1626 1547 1679 librariorum,

102 1695 224 1736 simili
270 1698 554 1738 terminatione
601 1712 747 1738 vocum
784 1698 956 1738 hahebat
989 1706 1030 1738 et
1055 1699 1244 1738 haer-ebat
1269 1698 1547 1754 deceptorum,

101 1765 145 1806 in
191 1767 355 1823 reliquis
401 1769 549 1809 omissa
591 1769 687 1808 sint.
747 1769 955 1808 Garatonii
993 1770 1159 1819 rationi,
1193 1771 1264 1823 qui
1292 1771 1548 1811 scribendum

102 1843 280 1881 censuit:
308 1841 379 1897 qui
404 1854 492 1880 cum
519 1844 676 1880 matre?
702 1840 789 1881 scil.
817 1842 861 1880 in
887 1842 1059 1894 gratiam
1087 1841 1220 1881 redire
1242 1850 1412 1896 poterat,
1444 1842 1548 1883 illud

101 1910 251 1958 obstat,
280 1909 391 1964 quod
418 1909 522 1950 nihil
550 1910 660 1950 aliud
687 1911 739 1951 ad
767 1925 930 1952 causam
962 1912 1227 1952 dirimendam
1249 1912 1547 1967 requirebatur,

101 1994 222 2035 quam
265 1979 440 2020 Cluentii
479 1987 521 2021 et
558 1982 771 2035 Oppianici
799 1984 948 2036 gratiae
981 1982 1268 2033 reconciliatio,
1327 1984 1457 2023 Sassia
1484 1984 1548 2023 id-

34 2056 46 2060 “”
101 2053 208 2092 circo
248 2059 408 2092 tantum
453 2054 802 2094 commemoranda
829 2062 914 2095 erat
929 2086 939 2104 ‚
987 2055 1098 2109 quod
1140 2056 1224 2096 eius
1252 2070 1344 2096 cum
1383 2057 1466 2096 filio
1493 2058 1549 2096 si—

101 2124 288 2165 multates
324 2139 515 2180 magnum
553 2134 668 2166 erant
695 2126 1053 2182 impedimentum,
1091 2142 1173 2182 quo
1205 2128 1336 2167 minus
1360 2128 1426 2167 hic
1454 2142 1549 2168 cum

99 2195 245 2236 vitrico
286 2197 328 2236 in
377 2197 546 2252 gratiam
591 2197 770 2238 rediret:
802 2198 923 2252 idque
944 2198 985 2237 in
1009 2198 1174 2253 vulgata
1201 2199 1398 2254 scriptura
1425 2201 1548 2255 aptis·

97 2267 197 2309 sime
224 2269 472 2322 exprimitur.

209 2385 276 2414 21.
311 2373 484 2429 disputo]
551 2374 661 2415 Nihil
708 2390 874 2417 moveor
913 2375 1183 2431 plurimorum
1236 2376 1436 2427 codicum,
1476 2379 1548 2433 qui

101 2442 297 2499 disputem
325 2444 515 2485 exhibent
532 2476 542 2494 ,
591 2445 854 2497 dissensione,
899 2448 1144 2502 optimorum
1185 2449 1424 2488 auctoritate
1449 2462 1547 2489 con·-

101 2519 235 2554 tentus
259 2522 299 2555 et
325 2529 485 2555 sensum
530 2517 661 2570 ipsum
699 2524 915 2571 sequutus,
962 2517 1030 2572 qui
1060 2532 1187 2572 quum
1216 2525 1353 2558 orator
1380 2518 1547 2560 inchoa-

104 2594 190 2629 tam
221 2586 300 2626 iam
330 2587 640 2642 disputationem
668 2588 909 2646 interpellet,
941 2604 1023 2632 non
1050 2604 1197 2632 novam
1223 2589 1398 2647 aliquam
1425 2591 1547 2632 omit-

102 2663 184 2710 tat,
215 2657 476 2703 indicativum
507 2659 672 2717 flagitat.
