1846 3178
705 146 941 223 cR1T1cA.
1457 197 1514 246 ις)
1526 199 1540 228 ι

219 308 300 361 84,
329 324 368 365 7.
399 320 555 348 movere
587 304 704 360 velit]
761 302 960 358 Singulari
1003 299 1174 356 quadam
1214 297 1374 338 levitate
1415 313 1552 339 omnes

110 383 202 433 post
229 378 450 418 Gruterum
480 377 650 416 editores
674 376 792 416 huius
822 377 903 414 sive
932 374 1122 413 iudicium
1151 372 1235 410 sive
1273 383 1446 409 errorem
1490 385 1552 410 se—

110 447 228 504 quuti
254 454 348 488 sunt
363 477 376 498 ‚
419 449 573 488 moveri
613 447 698 487 sine
735 445 818 486 ulla
845 445 1028 485 codicum
1055 442 1290 483 auctoritate
1319 441 1550 480 scribentes.

103 519 236 574 Quod
265 532 314 560 eo
351 520 477 574 magis
509 520 660 567 miror,
699 531 825 572 quum
864 515 1081 556 sententiae
1110 513 1328 567 aequalitas
1355 512 1411 552 sic
1439 526 1553 551 ever-

111 595 251 632 tatur:
301 604 396 630 nam
437 604 541 644 quae
579 595 827 644 sequuntur:
868 588 975 627 alter
1007 586 1172 625 retineat
1209 593 1247 623 et
1276 605 1328 614 -·
1355 583 1556 624 existimet

106 656 327 703 Censorem
355 668 538 716 agentem
566 660 719 700 faciunt
737 690 750 710 ‚
780 673 862 698 non
894 659 1098 697 iubentem
1119 686 1130 705 ‚
1162 657 1218 695 ita
1245 663 1292 695 ut
1320 656 1408 695 iure
1436 649 1554 695 alte-

108 721 204 774 rum
233 746 398 789 quoque
424 731 565 772 eodem
592 731 760 772 arbitrio
792 729 1018 784 praeditum
1046 735 1307 782 expectemus.

219 848 274 892 85
292 880 304 899 ,
342 848 405 890 18.
434 848 642 904 municipii
676 862 796 887 manu
823 845 913 900 sua]
983 846 1098 885 Hanc
1142 846 1339 898 egregiam
1382 847 1556 900 optimo-

108 934 202 963 rum
238 919 423 961 codicum
466 922 708 974 scripturam
743 919 915 969 libenter
951 916 1154 971 amplexus
1183 931 1300 956 sum:
1343 917 1423 956 iam
1450 919 1556 956 enim

109 992 155 1034 id
186 993 322 1047 agitur
337 1022 351 1044 ‚
383 999 430 1032 ut
461 991 675 1046 Oppianici
705 989 851 1043 flagitia
890 1003 1013 1042 quam
1058 986 1310 1026 acerbissime
1356 989 1556 1042 exagiten-

106 1071 200 1106 tux-2
219 1071 261 1106 et
275 1078 371 1104 sane
389 1063 499 1107 haud
513 1063 601 1104 leve
614 1062 844 1102 convicium
862 1061 1024 1100 additur
1040 1059 1104 1099 his
1133 1058 1293 1099 verbis:
1316 1072 1441 1099 manu
1460 1074 1555 1110 sua,-

107 1149 215 1192 qnne
251 1135 456 1190 quomodo
501 1135 542 1174 in
586 1134 783 1188 plerisque
823 1132 941 1172 codd.
983 1133 1162 1172 excidere
1192 1133 1419 1186 potuerint,
1459 1132 1556 1171 saci-

108 1207 191 1251 lius
235 1205 497 1263 intelligitur,
548 1220 670 1261 qnam
714 1205 916 1260 quomodo
960 1205 1012 1244 ab
1050 1205 1136 1245 ullo
1180 1203 1346 1244 librario
1392 1205 1556 1244 inventa

104 1279 276 1321 ἧκε-ΞΜ.

124 1454 126 1457 Ι
220 1394 303 1447 86,
334 1394 375 1437 5.
402 1409 481 1451 pro
528 1393 748 1447 abortione]
805 1391 912 1432 Male
952 1393 1162 1434 Ernestius
1187 1395 1339 1449 quique
1365 1393 1455 1434 eum
1494 1409 1558 1435 se-

109 1468 228 1523 qnuti
266 1474 392 1518 sunt,
437 1466 543 1506 hanc
587 1467 823 1519 scripturam
854 1479 898 1505 ex
935 1463 1030 1505 cod?
1064 1465 1105 1505 S.
1138 1466 1314 1506 Victoris
1357 1474 1558 1507 enotatam

109 1538 311 1593 aspernati
338 1545 457 1578 sunt:
504 1552 633 1591 quae,
677 1539 709 1578 si
759 1546 885 1577 totam
916 1538 964 1576 de
997 1538 1213 1592 Oppianici
1246 1539 1464 1580 sceleribus
1494 1540 1557 1579 hi-

107 1611 275 1651 storiam
315 1623 409 1649 cum
450 1608 526 1649 hac
576 1612 876 1650 enumeratione
922 1625 1150 1664 compares,
1203 1613 1320 1651 unice
1348 1626 1443 1652 vera
1473 1627 1558 1653 esse

108 1687 290 1737 apparet.
365 1679 483 1721 Potio
511 1681 641 1728 emm,
689 1681 798 1735 quod
837 1681 894 1721 illi
936 1683 1255 1736 rescripserunt,
1303 1686 1462 1723 nonnisi
1504 1685 1556 1724 ad

110 1753 278 1794 caedem
325 1753 506 1792 Dinaeae
546 1753 744 1806 pertinere
781 1760 932 1806 posset,
977 1769 1080 1807 quae
1115 1769 1203 1808 cap.
1248 1753 1310 1806 14.
1342 1763 1554 1797 narratur:

108 1824 180 1865 sed
221 1823 300 1864 hoc
346 1822 500 1862 facinus
538 1822 660 1876 paulo
702 1831 793 1877 post
839 1824 1017 1864 breviter
1069 1834 1437 1866 commemoratur:
1487 1829 1558 1869 sed

110 1908 310 1948 nusquam
352 1900 708 1933 commemoratum
748 1902 850 1934 esset
890 1894 1081 1949 flagitium
1121 1896 1248 1948 illud,
1293 1898 1400 1951 quod
1445 1899 1557 1940 nullo

110 1967 232 2007 modo
264 1967 395 2021 potuit
421 1964 701 2020 praetermitti,
719 1980 800 2019 quo
829 1967 952 2020 Magii
981 1982 1142 2006 uxorem
1171 1965 1222 2007 ad
1250 1977 1410 2023 partum
1439 1987 1558 2014 suum

109 2037 336 2079 necandum
373 2037 530 2077 induxit
577 2037 628 2089 (c.
676 2038 779 2092 12.)‚
810 2038 886 2078 nisi
918 2038 962 2078 h.
992 2038 1020 2078 l.
1047 2041 1246 2094 scriptura
1274 2043 1479 2086 ahoru‘one
1509 2061 1556 2086 ex

109 2109 401 2165 probatissimis
429 2107 542 2148 libris
569 2110 827 2163 reciperetur.
887 2147 889 2151 .

227 2226 292 2268 18.
320 2235 363 2266 ut
388 2226 624 2280 gravissime
650 2225 808 2280 dicam]
866 2226 1127 2280 Optimorum
1164 2228 1362 2270 librorum
1400 2235 1558 2274 monitu

110 2297 164 2339 ad
199 2297 407 2352 vulgatam
454 2304 548 2337 ante
583 2297 849 2336 Garatonium
877 2299 1116 2352 scripturam
1141 2300 1269 2340 redii:
1320 2318 1415 2343 nam
1447 2307 1558 2359 quod

109 2368 180 2410 ille
208 2377 251 2410 et
286 2369 533 2409 recentiores
568 2368 804 2422 interpretes
841 2369 1058 2410 voluerunt
1085 2371 1271 2423 (dicant),
1305 2375 1345 2414 id
1378 2390 1558 2418 necessa-

109 2439 172 2480 rio
197 2438 319 2480 aliam
347 2439 635 2479 mutationem:
662 2440 943 2492 gravissimam
974 2442 1218 2495 requirebat.
1278 2447 1386 2486 Tum
1423 2457 1557 2490 autem

112 2511 198 2567 ipsa
224 2511 388 2562 fiducia,
421 2526 502 2566 quo
530 2512 629 2551 haec
657 2526 760 2566 quae
787 2520 1037 2566 sequuntur,
1069 2515 1120 2556 de
1170 2517 1415 2558 Censoribus
1463 2535 1557 2575 pro-

111 2585 274 2623 nuntiat
316 2589 456 2623 orator
474 2613 486 2631 ‚
531 2583 785 2622 excusatione
828 2583 1003 2636 quadam
1050 2599 1164 2640 egere
1220 2589 1406 2644 videtur,
1454 2607 1559 2648 quae

110 2652 276 2707 quidem
312 2660 450 2694 nostra
499 2654 702 2707 scriptura
749 2660 840 2707 apte
888 2655 1142 2697 continetur:
1181 2662 1416 2712 gravissime
1447 2667 1557 2707 enim

110 2723 333 2780 significat:
362 2739 449 2766 cum
479 2726 684 2766 severitate
709 2733 748 2766 et
776 2725 1029 2779 ingenuitate.
