1846 3178
575 77 686 143 rao
719 99 774 140 A.
791 97 1093 157 ommno.
1469 99 1556 150 ,55

112 225 237 279 loris
265 225 534 278 amitteret.
603 228 715 275 Iam
751 240 870 273 vero
903 222 1046 292 quod
1081 223 1178 272 iter
1212 225 1424 271 Romam
1459 222 1568 272 eius

114 307 345 360 mulieris
375 307 528 358 fuisse
561 306 882 358 existimatis?
914 304 1059 374 quod
1091 322 1203 373 ego,
1254 317 1465 374 propter
1498 305 1570 352 vi-

110 384 372 443 cinitatem
404 390 749 458 Aquinatium
782 401 834 438 et
866 389 1317 446 Fabraternorum,
1342 404 1403 435 ex
1438 387 1569 435 mul-

113 474 177 524 tis
208 471 385 523 audivi
419 485 471 522 et
504 472 762 542 comperit
799 489 927 540 quos
960 489 1236 521 concursus
1270 471 1327 520 in
1361 469 1440 518 his
1481 487 1569 538 op-

43 560 48 564 ’
84 553 280 625 spiens?
321 567 542 622 quantos
577 568 628 605 et
670 555 901 604 virorum
942 567 993 603 et
1027 554 1309 603 mulierum
1350 551 1568 619 gemitus

109 654 210 688 esse
262 638 457 688 factos?
510 638 784 686 mulierem
841 636 1106 705 quandam
1159 636 1372 694 Larino,
1408 647 1564 705 atque

109 719 255 769 illam
288 738 450 802 usque
476 739 506 770 a
529 720 657 769 mari
691 737 876 788 supero
911 722 1124 768 Romam
1159 718 1564 787 proficischum

108 820 292 871 magno
329 802 579 852 comitatu
612 815 663 850 et
697 801 931 871 pecunia,
966 819 1072 869 quo
1109 800 1311 849 fac-illus
1347 801 1566 850 circum-

107 883 283 935 venire
317 883 510 934 iudicio
545 883 725 953 capitis
757 896 912 951 atque
947 881 1239 952 opprimere
1263 881 1431 930 filium
1459 901 1568 952 pos-

62 979 195 1020 ioset.
259 968 420 1017 Nemo
465 978 576 1016 erat
623 966 858 1025 illorum,
896 982 1060 1034 paene
1096 963 1277 1023 dicam,
1316 963 1450 1031 quin
1483 983 1564 1013 ex-

106 1046 360 1118 piandum
393 1047 546 1096 illum
580 1047 754 1096 locum
787 1063 886 1096 esse
920 1047 1278 1104 arbitraretur,
1314 1064 1566 1113 quacum..

104 1149 210 1200 que
244 1132 334 1182 illa
370 1131 470 1181 iter
515 1130 734 1180 fecissett
778 1147 959 1190 nemo,
1005 1131 1137 1198 quin
1175 1142 1366 1178 terram
1403 1129 1564 1198 ipsam

106 1210 311 1281 violari,
357 1228 490 1280 quae
537 1224 700 1260 mater
745 1223 818 1261 est
866 1210 1124 1270 omnium,
1181 1210 1400 1279 vestigiis
1444 1230 1564 1262 con-

105 1292 375 1342 sceleratae
409 1292 588 1341 matris
622 1304 842 1362 putaret.
878 1295 1061 1360 Itaque
1096 1293 1242 1342 nullo
1279 1294 1334 1343 in
1370 1295 1562 1364 oppido

57 1373 416 1426 15consistendi
459 1387 679 1444 potestas
712 1375 759 1424 ei
793 1374 919 1425 fuit:
957 1380 1203 1437 nemogex
1242 1388 1316 1426 tot
1350 1376 1565 1448 hospiti-

105 1458 202 1508 bus
235 1459 473 1508 inventus
506 1471 604 1518 est,
639 1460 733 1528 qui
769 1478 876 1509 non
910 1458 1266 1527 contagionem
1299 1458 1564 1530 adspectus

103 1534 316 1611 fugeret.
382 1532 529 1591 Nocti
563 1560 613 1592 se
648 1542 824 1612 potius
857 1561 916 1592 ac
950 1541 1234 1600 solitudini,
1270 1561 1429 1611 quam
1464 1544 1562 1594 ulli

105 1637 199 1675 aut
242 1624 363 1674 urbi
410 1637 502 1674 aut
550 1623 741 1695 hospiti
796 1626 1163 1675 committebat.
1247 1627 1399 1674 Nunc
1443 1644 1561 1676 vero

104 1703 236 1775 quid
267 1717 394 1774 agat,
431 1706 562 1775 quid
597 1707 856 1768 moliatur,
901 1706 1032 1777 quid
1068 1706 1293 1777 denique
1327 1708 1563 1778 quotidie

51 1776 318 1858 aocogitet,
356 1808 521 1858 ,quem
569 1791 805 1859 ignorare
852 1804 1086 1841 nostrum
1137 1793 1324 1861 putat?
1420 1792 1562 1856 Quos

105 1871 411 1942 appellarit,
444 1873 637 1943 quibus
671 1874 947 1944 pecuniam
982 1874 1297 1944 promiserit,
1334 1892 1561 1944 quorum

105 1953 262 2004 fidem
294 1955 461 2024 pretio
496 1956 799 2006 labefactare
834 1969 1016 2006 conata
1036 1957 1114 2016 sit,
1132 1969 1375 2007 tenemus.
1413 1958 1559 2022 Quin

102 2037 260 2087 etiam
306 2050 561 2087 nocturna
595 2040 866 2100 sacrificia,
917 2057 1050 2109 quae
1083 2054 1233 2110 putat
1280 2041 1559 2091 occultiora

105 2136 217 2180 esse,
253 2120 618 2188 sceleratasque
653 2121 760 2171 eius
794 2140 966 2193 preces
1000 2135 1050 2172 et
1086 2123 1282 2173 nefaria
1317 2119 1430 2174 {sota
1481 2144 1560 2174 co-

214 2251 256 2294 3.
284 2258 325 2291 et
354 2251 491 2291 Venas
489 2267 680 2293 ranorum

197 2373 232 2408 3.
256 2371 560 2408 Fabraternorum
590 2384 608 2407 ε
687 2375 1010 2411 Frabraternorum
1036 2391 1055 2419 η
1071 2390 1085 2410 ι
1205 2377 1506 2412 Frabaternorum
1535 2391 1557 2413 x

105 2418 377 2455 Afraternorum
405 2424 437 2456 A
449 2421 479 2455 B
491 2434 512 2455 α
524 2421 687 2468 cdefhi
700 2423 775 2458 klo
789 2436 834 2459 rs
846 2433 860 2458 ε
874 2436 897 2458 ιι
911 2436 934 2468 γ
949 2423 972 2457 δ
990 2426 1007 2460 ζ
1056 2425 1312 2459 Frater-norum
1339 2437 1400 2460 ην
1417 2438 1440 2458 α
1485 2427 1558 2461 Ve-

103 2467 336 2502 nnfranorum
361 2468 381 2501 λ
396 2481 424 2513 μ
441 2470 592 2515 νξοπρ
614 2479 664 2502 στ
787 2483 815 2515 7.
843 2472 948 2505 illinc
973 2473 1068 2506 coni.
1099 2473 1298 2506 Gulielmius
1416 2486 1450 2519 9.
1475 2485 1559 2518 prs-

106 2514 155 2547 nit
178 2523 479 2559 αηονειιυαρσ
581 2529 627 2550 ιο.
648 2517 750 2564 quin}
778 2518 841 2563 qni
869 2519 906 2552 A
983 2521 1033 2553 16.
1064 2518 1246 2567 inventus]
1277 2523 1439 2564 repertus
1465 2533 1560 2555 nov

111 2562 164 2596 18.
189 2561 269 2595 urbi
294 2561 463 2597 ABbcd
475 2563 640 2612 efghm,
670 2566 699 2599 Ο
724 2573 872 2610 praeter·
896 2577 958 2598 απ
1017 2566 1146 2599 turbae
1173 2567 1251 2604 cod.
1283 2567 1341 2601 Fr.
1367 2579 1390 2599 a
1402 2579 1426 2600 n
1478 2575 1554 2603 tur—

107 2609 144 2652 pi
183 2618 414 2643 anorstuv
539 2624 593 2647 πο.
624 2621 830 2647 nostrorum
860 2615 900 2647 II
935 2621 1082 2661 praeter·
1109 2626 1162 2646 nu
1305 2617 1346 2649 23
1387 2620 1490 2661 putet
1516 2618 1559 2650 11

107 2662 254 2702 praeter
279 2668 301 2690 a
317 2658 369 2690 ιἠι
382 2670 393 2699 ‚·
406 2669 427 2690 :c
441 2656 515 2699 a&

1603 232 1668 280 68

1602 967 1674 1021 193

1600 1623 1675 1679 ¹94
