1846 3178
271 209 335 272 98
879 174 1091 244 ORATIO

274 326 454 375 litteris
486 324 842 385 mandarimus,
860 326 1131 378 hominum
1163 326 1403 376 memoria
1437 342 1540 374 non
1570 341 1702 373 com÷

171 416 226 460 51
268 405 629 476 prehendatur·
703 408 807 472 Ego
841 423 957 455 vero
994 407 1049 455 in
1097 408 1188 456 isto
1234 423 1413 474 genere
1458 405 1702 454 libentius

273 507 437 555 quum
470 488 778 544 multorum,
816 499 926 535 tum
961 486 1180 536 hominis
1221 485 1616 554 eloquentissimi
1651 499 1702 535 et

271 569 642 638 sapientissimi,
693 571 744 616 L.
791 568 946 616 Crassi
992 567 1342 616 auctoritatem
1377 564 1574 635 sequor,
1607 567 1700 636 qui

270 670 432 717 quum
492 652 582 698 Cn.
641 651 887 698 Plancum
941 647 1255 707 defenderet,
1314 662 1574 698 accusante
1632 651 1728 700 M.5

269 733 450 790 Bruto,
501 731 706 779 homine
757 731 811 778 in
846 729 1059 779 dicendo
1103 729 1387 779 vehementi
1421 743 1470 780 et
1503 730 1699 786 callido,

270 831 434 879 quum
487 814 695 866 Brutus,
757 811 954 859 duobus
1007 810 1358 859 recitatoribus
1402 812 1700 866 constitutis,

267 913 327 943 cx
377 894 573 943 duabus
619 895 725 943 eius
766 893 1079 943 orationibus
1113 893 1278 960 capita
1312 894 1530 955 alterna,
1563 893 1698 942 inter

266 994 315 1026 se
358 977 633 1035 contraria,
687 975 944 1024 recitanda
979 988 1214 1024 curasset:
1250 974 1390 1042 quod
1424 975 1480 1024 in
1514 973 1699 1035 dissua-

265 1059 403 1107 sione
437 1057 707 1125 rogationis
741 1057 876 1115 eius,
910 1073 1040 1123 quae
1075 1068 1252 1104 contra
1286 1055 1536 1104 coloniam
1575 1056 1752 1104 Nar·¹0

263 1140 537 1189 honensem
586 1139 845 1187 ferebatur
871 1177 884 1197 ,
930 1149 1183 1204 quantum
1234 1148 1420 1206 potest,
1477 1135 1540 1185 de
1597 1154 1698 1186 au-

263 1222 495 1270 ctoritate
530 1233 728 1269 senatus
778 1218 1023 1268 detrahit:
1060 1217 1116 1267 in
1161 1218 1389 1266 suasione
1430 1216 1550 1285 legis
1593 1220 1698 1267 Ser·

262 1303 411 1352 viliae
443 1301 650 1350 summis
686 1312 833 1348 ornat
876 1311 1106 1348 senatum
1141 1297 1407 1347 laudibus:
1451 1312 1502 1348 et
1533 1299 1696 1348 multa

263 1385 321 1434 in
361 1383 555 1451 equites
594 1385 842 1431 Romanos
869 1398 1033 1447 quum
1062 1398 1121 1427 ex
1143 1397 1200 1428 ea
1223 1379 1450 1429 oratione
1473 1381 1694 1450 asperius

263 1466 396 1515 dicta
443 1465 713 1521 recitasset,
759 1482 862 1531 quo
908 1462 1066 1511 animi
1113 1462 1322 1511 illorum
1363 1459 1595 1510 iudicum
1635 1461 1744 1512 im5

262 1550 493 1598 Crassum
528 1544 947 1595 incenderentur:
984 1544 1309 1612 aliquantum
1341 1559 1441 1591 esse
1475 1559 1692 1591 commo-

171 1645 239 1700 141
266 1644 346 1680 tus
379 1629 581 1677 dicitur.
651 1632 827 1694 Itaque
863 1627 917 1676 in
950 1623 1298 1694 respondendo
1340 1624 1568 1694 primum
1599 1641 1692 1672 ex·-

261 1710 432 1781 posuit
466 1709 735 1774 utriusque
771 1708 1019 1756 rationem
1054 1705 1312 1773 temporis,
1346 1717 1407 1753 ut
1441 1705 1600 1755 oratio
1633 1721 1694 1753 ex

260 1811 316 1843 re
343 1805 394 1842 et
424 1810 568 1841 causa
594 1790 767 1838 habita
790 1789 1066 1838 videretur:
1103 1786 1300 1844 deinde,
1326 1799 1387 1835 ut
1410 1786 1690 1853 intelligere

263 1885 424 1944 posset
457 1874 664 1929 Brutus,
699 1888 853 1939 quem
887 1869 1156 1923 hominem,
1181 1879 1232 1915 et
1266 1885 1371 1915 non
1403 1868 1566 1916 solum
1587 1881 1743 1933 qua20

263 1953 583 2022 eloquentia,
630 1970 805 2000 verum
851 1950 1004 1998 etiam
1050 1966 1154 2016 quo
1199 1949 1370 2016 lepore
1411 1959 1462 1996 et
1501 1947 1689 2014 quibus

260 2035 457 2086 facetiis
489 2033 779 2102 praeditum
814 2031 1098 2080 lacessisset:
1134 2043 1230 2078 tres
1257 2041 1308 2078 et
1330 2029 1433 2097 ipse
1456 2028 1689 2077 excitavit

264 2117 550 2167 recitatores
583 2133 700 2163 cum
735 2113 943 2179 singulis
977 2111 1186 2169 libellis,
1229 2128 1355 2177 quos
1386 2111 1454 2158 Μ.
1489 2109 1685 2163 Brutus,

259 2212 403 2268 pater
452 2197 589 2244 illius
639 2194 936 2242 accusatoris
986 2191 1048 2239 de
1095 2191 1207 2240 iure
1268 2189 1403 2239 civili
1462 2187 1690 2257 reliquit.

373 2337 387 2362 1
398 2351 408 2361 .
440 2320 760 2360 mandaverimus

309 2471 337 2495 ι.
363 2457 603 2491 mandarimus
639 2454 707 2489 ΑΒ
798 2451 1082 2487 mandaverimus
1106 2452 1178 2487 Ro
1316 2461 1351 2485 ο.
1385 2447 1468 2496 isto]
1497 2449 1574 2493 ipso
1612 2447 1685 2482 AB

261 2507 291 2539 3.
318 2503 410 2552 tum]
438 2515 516 2536 cum
544 2504 573 2537 B
699 2507 772 2533 tum
801 2500 975 2544 hominis]
1001 2500 1186 2536 hominum
1211 2502 1286 2530 tum
1312 2494 1482 2542 bcdesg
1498 2494 1685 2529 iklmno

260 2553 291 2584 5.
318 2552 381 2585 Cn.
409 2559 432 2583 σ
507 2550 542 2583 C.
571 2549 641 2583 AB
689 2547 725 2580 L.
754 2549 779 2581 R
806 2547 903 2591 vulg.
998 2546 1162 2578 Plancum
1197 2546 1242 2576 Π
1261 2546 1424 2589 (praeter
1446 2543 1687 2588 moqwjyo·

258 2598 441 2631 Plancium
466 2598 494 2630 R
518 2597 615 2639 vulg.
711 2595 743 2630 6.
770 2593 886 2625 calido
911 2603 956 2624 ex
982 2592 1135 2625 Victorii
1158 2590 1251 2622 coni.
1278 2597 1335 2633 ρσ
1454 2590 1488 2624 8.
1515 2588 1593 2629 ejus
1617 2596 1684 2619 om·

259 2644 331 2679 AB
460 2644 570 2676 altera
595 2643 625 2674 Β
742 2652 776 2683 9,
802 2644 838 2671 ct
863 2638 958 2682 qnod
984 2638 1054 2670 AB
1169 2636 1218 2678 14.
1245 2646 1288 2667 ex
1311 2645 1378 2671 om.
1402 2635 1433 2669 B
1549 2634 1598 2666 15.
1624 2632 1682 2664 iu-

256 2691 392 2725 dicium
417 2689 478 2722 Ba
601 2700 650 2730 ¹7·
677 2686 714 2718 in
739 2697 807 2721 om.
832 2684 931 2718 ABb
956 2686 1089 2726 (corn)
1136 2682 1258 2729 posuit
1279 2681 1310 2715 B
1435 2692 1485 2726 ¹9·
1511 2679 1560 2727 et]
1584 2689 1628 2712 ex
1653 2676 1684 2716 B

261 2740 299 2770 et
320 2747 363 2770 ex
387 2735 486 2773 Αοξ
599 2745 654 2767 22.
681 2738 717 2766 et
743 2743 808 2765 om.
832 2731 900 2764 AB
