1846 3178
0 0 80 130 t‘*
110 0 114 7 '

0 131 13 150 ,,

0 173 3 220 ss
581 155 692 195 PRo
725 152 1100 196 A.CLUENT10.
1499 155 1564 224 59

0 278 10 332 ἒ
126 277 534 348 shvoppianico,
588 277 674 327 s'ed
717 295 744 327 a
781 278 1019 328 Cluentio
1066 276 1142 327 ad>
1166 274 1419 328 iudicium
1451 296 1562 329 cor·

126 358 469 429 nihqnnd-um
517 360 834 410 constitutus.
923 362 1030 410 Cur
1072 377 1218 416 eum,
1283 377 1448 427 quum
1504 362 1559 412 in

123 440 402 505 manilium»
442 441 630 496 iretur,
678 441 942 491 Cluentius
976 454 1026 491 et
1067 441 1352 491 Cannutius
1397 442 1560 491 abesse

121 523 482 593 pflssiebantur?
513 541 629 581 cur,
673 541 838 590 quum
871 523 926 572 in
962 522 1232 572 consilium
1265 522 1558 582 mittebant,

92 605 382 656 ssuienum
414 604 662 664 iudicem,
704 605 796 672 qui
831 604 1102 674 pecuniam
1135 603 1403 662 dederant,
1451 623 1558 654 non

116 689 477 756 requirebant?
530 688 844 757 Oppianicus
899 688 1240 755 querebatur?
1285 688 1559 752 Quinctius

115 769 408 838 flagitabat?
454 770 562 820 sine
604 770 804 819 Staieno
850 786 915 818 ne
958 769 1015 817 in
1057 769 1328 820 consilium
1369 771 1558 830 iretur,

115 854 416 903 Tribunicia
450 865 691 922 potestate
723 852 961 900 eflectum
1004 853 1108 900 est?
1160 854 1227 901 At
1249 837 1556 902 condemna·-

116 935 204 985 νὴ.
269 937 417 984 Hanc
468 935 607 983 enim
655 933 1130 984 condemnationem
1175 933 1391 984 dederat
1428 936 1556 984 obsi÷

66 1017 232 1074 rodem
265 1017 428 1067 Bulbo
460 1028 511 1066 et
543 1017 742 1074 ceteris,
776 1028 837 1064 ut
870 1015 1139 1065 destitutus
1171 1016 1235 1065 ab
1267 1016 1554 1086 Oppianico

116 1099 384 1150 videretur.
453 1099 625 1163 Quare
659 1099 698 1148 si
727 1098 877 1147 istinc
907 1115 1053 1148 causa
1079 1096 1443 1168 corrumpendi
1478 1099 1555 1148 iu-

112 1183 258 1245 dicii,
293 1183 335 1232 si
368 1182 520 1234 istinc
555 1181 798 1251 pecunia,
835 1181 983 1230 istinc
1003 1182 1255 1243 Staienus,
1290 1181 1440 1230 istinc
1471 1180 1556 1230 de-

111 1266 272 1334 nique
305 1266 470 1318 omnis
516 1265 656 1313 fraus
699 1277 749 1312 et
786 1263 998 1313 audacia
1043 1277 1140 1316 est:
1190 1264 1313 1313 hinc
1355 1263 1555 1332 pudor,

110 1347 320 1398 honesta
355 1349 479 1407 vita,
516 1348 661 1397 nulla
694 1347 910 1416 suspicio
945 1345 1216 1415 pecuniae,
1266 1344 1411 1393 nulla
1446 1361 1555 1393 cor-

61 1430 384 1500 15rumpendi
420 1430 599 1479 iudicii
625 1447 797 1488 causa,
831 1428 1130 1498 patiamini,
1173 1427 1382 1476 veritate
1415 1430 1554 1496 pate-

108 1512 241 1562 facta
284 1525 438 1580 atque
485 1513 625 1562 omni
659 1529 829 1561 errore
872 1511 1094 1567 sublato,
1149 1526 1209 1558 eo
1245 1510 1459 1559 transire
1493 1509 1554 1558 il-

55 1586 57 1590 .
109 1595 210 1645 lius
254 1594 594 1664 turpitudinis
637 1594 925 1652 infamiam,
976 1592 1069 1641 ubi
1104 1604 1266 1640 cetera
1301 1591 1551 1641 maleficia

110 1677 416 1736 consistunt:
471 1677 535 1730 ab
582 1694 640 1726 eo
675 1675 921 1726 invidiam
956 1674 1209 1724 discedere
1243 1672 1548 1742 aliquando,

107 1758 175 1809 ad
205 1777 361 1821 quem
398 1777 681 1827 numquam
717 1758 964 1807 accessisse
996 1759 1203 1826 culpam
1235 1755 1425 1805 videtis.

55 1867 109 1907 φο
236 1845 305 1900 At
336 1843 526 1896 etenim
561 1843 833 1911 pecuniam
866 1841 1068 1891 Staieno
1113 1838 1254 1888 dedit
1288 1838 1536 1907 Oppiani·
1583 1854 1647 1898 31

106 1943 194 1976 eus
226 1943 331 1974 non
374 1924 440 1974 ad
465 1923 900 1995 corrumpendum
933 1922 1210 1981 iudicium,
1244 1920 1330 1971 sed
1350 1920 1416 1970 ad
1432 1939 1549 1973 con·
1579 1913 1634 1967 84

4 908 23 939 ,ὗ

219 2055 243 2096 5
285 2058 349 2096 cui
378 2059 587 2111 pecuniam
697 2055 736 2098 6.
775 2056 1024 2108 Oppianicus
1065 2053 1282 2107 quaerebat
1336 2052 1378 2093 8.
1403 2053 1556 2108 perfec-

216 2119 305 2151 tum
335 2121 393 2152 est
521 2127 559 2167 9.
597 2111 896 2151 damnationem
1043 2122 1104 2148 ια.
1139 2124 1216 2150 om.
1247 2110 1280 2149 si
1426 2107 1486 2161 14.
1515 2116 1555 2148 et

217 2167 330 2208 nulla
362 2170 535 2222 suspicio
651 2166 712 2207 15.
741 2168 923 2220 patimini

203 2279 229 2300 ι.
267 2278 286 2300 a
311 2280 377 2301 om.
405 2277 423 2300 ε
540 2278 572 2301 2.
601 2263 695 2312 eum]
724 2265 821 2299 enim
861 2265 1217 2312 abcpqrstuwoe
1343 2262 1376 2307 4.
1403 2274 1465 2297 cur
1488 2275 1552 2296 om.

103 2311 873 2361 abcdefghiklprstuvydctxkluv
919 2311 995 2358 cur]
1025 2317 1061 2345 et
1087 2315 1166 2355 αβε
1210 2311 1449 2345 mittebantur
1476 2309 1552 2343 cod.

102 2361 162 2402 Fr.
245 2364 276 2396 5.
304 2362 380 2409 qui]
406 2362 464 2395 cui
489 2360 588 2407 quod
611 2362 642 2394 A
690 2358 788 2405 quod
814 2359 844 2393 B
865 2359 922 2392 cui
945 2360 1015 2393 Ro
1083 2360 1117 2393 6.
1141 2359 1422 2404 requirebantur
1446 2355 1556 2403 def‘*

88 2428 92 2449 3
185 2417 238 2442 ευ,
357 2408 580 2454 quaerebant
627 2409 659 2441 Α
748 2406 967 2452 querebatur
1012 2406 1412 2452 ABbcmoprszuw
1476 2381 1554 2437 cof.

140 2471 142 2474 >
172 2456 264 2489 Vict.
285 2457 382 2492 Pall.
408 2456 576 2502 plerique
603 2454 694 2493 ανξ
743 2452 952 2499 requirebat
975 2453 1053 2487 Pal.
1096 2465 1124 2487 1.
1174 2452 1374 2498 quaerebat
1397 2451 1428 2484 R
1449 2451 1551 2495 vulg.

129 2501 336 2551 :effectum
362 2501 679 2549 'ABdfiorstu
721 2499 797 2533 cod.
822 2500 945 2535 Lamb.
996 2500 1200 2533 confectum
1225 2500 1239 2533 l
1299 2498 1495 2544 perfectum
1522 2498 1554 2531 R

106 2549 144 2582 Ο.
237 2561 272 2595 9.
314 2550 652 2582 condemnationem
692 2547 890 2595 ABabcq
920 2545 998 2583 cod.
1016 2547 1134 2580 Lamb.
1188 2545 1458 2579 damnationem
1482 2544 1554 2578 Ro

111 2608 165 2634 ¹¹.
190 2607 300 2643 quum
325 2596 436 2629 istinc
462 2601 516 2631 est
544 2607 646 2630 causa
672 2604 721 2627 αε
823 2606 871 2628 12.
898 2594 926 2626 si
956 2592 1037 2627 add.
1067 2604 1110 2627 ex
1135 2593 1234 2627 ABb
1259 2596 1393 2635 (corr)
1500 2591 1550 2634 14.

103 2643 204 2683 vita,
241 2644 338 2676 uuila
362 2645 432 2676 ΑΒ
506 2644 576 2681 vita
593 2669 600 2681 ‚
634 2648 670 2676 et
696 2641 796 2673 nulla
822 2642 897 2676 Ro
1021 2642 1070 2675 15.
1096 2639 1283 2684 patiamini
1311 2637 1552 2683 ΑΒακλμν

103 2689 271 2770 Ρὲἓὶωἰηὶ
294 2691 324 2727 R
350 2691 448 2736 vulg,
533 2687 598 2726 '¹8‘
638 2690 840 2729 consistunt
864 2689 937 2723 AB
952 2686 1128 2732 δζηξσῑ
1186 2680 1385 2792 conswt
1407 2687 1436 2721 R
1470 2692 1549 2726 cett.
