1846 3178
317 161 382 207 62
907 157 1128 199 vORATIO

313 277 378 326 ad
421 295 574 346 quam
620 296 726 328 rem
772 280 951 338 fuerit,
1001 281 1256 331 ostendat?
1320 281 1573 333 Sexdecim
1612 281 1737 333 dieu

315 358 524 419 iudices,
566 373 625 410 ut
659 362 971 429 Oppianicus
1002 363 1361 423 absolveretur,
1409 378 1735 434 corrumpens·

315 440 402 490 dos
432 442 602 490 fuisse:
637 442 702 490 ad
726 443 987 493 Staienum
1015 459 1239 494 sexcenta
1265 446 1599 514 quadraginta
1613 447 1734 495 mil-

310 523 379 571 lia
414 533 682 571 nummum
703 540 800 572 esse
827 523 1005 572 delata-
1070 525 1144 584 Si,
1191 538 1251 574 ut
1283 539 1341 575 tu
1365 525 1510 584 dicis,
1534 525 1734 593 gratiae

312 602 657 652 conciliandae
690 622 858 663 causa,
904 603 1482 672 quadraginta-aistorum
1510 602 1759 656 :accessio5

313 684 536 735 millium
567 685 695 752 quid
727 687 894 734 valet?
925 678 995 743 si,
1029 697 1088 733 ut
1121 704 1210 734 nos
1246 685 1477 747 dicimus,
1526 700 1588 737 luz
1610 704 1734 754 qua*-

312 765 529 833 dragena
561 768 721 816 millia
753 766 996 816 sexdecim
1033 766 1286 816 iudicibus
1325 768 1596 832 darentur,
1625 785 1739 817 uon.a

311 847 632 897 Archimedes
662 848 841 896 melius
874 847 1043 915 potuit
1076 846 1367 897 describere.

234 950 288 991 83
443 934 509 980 At
543 931 680 980 enim
719 929 907 979 iudicia
937 930 1066 978 facta
1099 932 1350 998 permulta
1380 943 1537 989 sunt„
1557 929 1739 979 amn»

311 1012 449 1062 entio
485 1011 735 1062 iudicium
767 1022 864 1058 esse
897 1014 1207 1078 corruptum.
1275 1013 1434 1058 Immo
1467 1027 1584 1059 vero
1617 1021 1787 1059 antem

310 1093 408 1160 hoc
441 1106 636 1162 tempus
670 1092 876 1142 omnino
910 1091 1001 1139 ista
1037 1091 1141 1160 ipsa
1176 1108 1250 1139 res
1294 1102 1382 1139 suo
1427 1081 1633 1140 nomine
1675 1091 1734 1139 iu

309 1172 559 1223 iudicium
593 1191 874 1239 numquam
907 1185 978 1220 est
1008 1185 1190 1222 vocata.
1267 1175 1343 1220 Ita
1378 1173 1600 1220 multum
1632 1172 1732 1238 agi-

310 1268 434 1314 tata,
470 1257 540 1305 ita
574 1254 666 1304 diu
698 1255 878 1302 iactata
923 1253 1012 1302 ista
1047 1271 1122 1302 res
1147 1265 1240 1311 est,
1285 1266 1345 1302 ut
1379 1253 1625 1303 hodierno
1646 1253 1739 1301 >die

308 1336 533 1404 primum
566 1353 711 1384 causa
746 1335 832 1382 illa
867 1333 1064 1382 defensa
1096 1333 1180 1392 sit,
1226 1333 1471 1383 hodierno
1504 1333 1586 1384 die
1627 1335 1735 1403 pri-³

309 1434 452 1466 mum
483 1418 662 1466 veritas
694 1432 863 1466 vocem
897 1427 1071 1463 contra
1119 1414 1385 1472 invidiam,
1432 1414 1523 1463 his
1554 1415 1787 1465 iudici-15

309 1497 405 1548 dus
440 1499 587 1558 freta,
622 1498 827 1548 miserit.
893 1499 1258 1547 Verumtamen
1306 1497 1396 1545 ista
1439 1497 1599 1564 mul-ta
1645 1497 1738 1545 iu·-

310 1577 442 1627 dicia
475 1595 605 1644 quae
636 1579 784 1627 sunt?
847 1578 948 1644 Ego
983 1578 1119 1626 enim
1152 1594 1231 1625 me
1264 1574 1328 1623 ad
1362 1579 1530 1626 omnia
1551 1578 1737 1627 confir-

311 1659 442 1708 mavi
474 1671 523 1707 et
547 1658 631 1706 'sic
654 1657 847 1725 paravi,
884 1669 943 1705 ut
971 1657 1218 1715 docerem,
1254 1675 1384 1724 quae
1416 1658 1545 1706 facta
1567 1670 1734 1725 postea·

310 1738 501 1787 iudicia
535 1737 596 1785 de
629 1737 718 1786 illo
755 1735 942 1785 iudicio
977 1736 1292 1795 dicerentur,
1334 1739 1522 1804 partim
1555 1741 1735 1788 ruinae

311 1819 554 1868 similiora
587 1831 678 1867 aut
712 1819 1013 1886 tempestati,
1051 1837 1206 1884 quam
1229 1818 1431 1867 *iudicio
1465 1832 1515 1868 et
1545 1819 1788 1890 discep-2o

312 1902 492 1950 tationi
511 1901 671 1957 fuisse,
707 1898 895 1966 partim
939 1897 1072 1946 nihil
1116 1909 1291 1945 contra
1325 1899 1571 1959 Habitum
1605 1902 1735 1950 vale-

312 1999 393 2042 re,
426 1982 614 2051 partim
647 1981 798 2028 etiam
830 1997 924 2047 pro
961 1978 1056 2027 hoc
1089 1996 1211 2033 esse,
1260 1980 1447 2047 partim
1480 1998 1577 2031 esse
1609 1983 1736 2032 eius⁴

427 2138 458 2165 1.
488 2135 571 2161 rem
602 2122 693 2160 data
723 2121 841 2160 fuerit
986 2120 1022 2159 3.
1070 2126 1108 2158 et
1139 2120 1399 2173 quadraginta
1544 2136 1582 2175 7.
1610 2121 1734 2161 millia

421 2191 632 2216 nummum
659 2177 853 2215 sexdecim
969 2175 1027 2214 16.
1055 2173 1180 2213 multa
1207 2177 1282 2214 ista

408 2331 435 2353 ι.
462 2330 535 2353 rem
563 2318 673 2351 fuerit
696 2316 919 2363 ABabcpq
944 2314 1043 2348 codd.
1069 2315 1131 2355 Fr.
1155 2315 1399 2363 Dresd.,asss
1446 2328 1518 2350 rem
1543 2317 1625 2351 data
1650 2319 1736 2353 sue-

314 2367 363 2404 rit
389 2367 419 2401 R
441 2367 540 2411 vulg.
664 2366 695 2402 3,
728 2374 821 2400 sexc,
848 2361 1080 2408 qnadraginta
1138 2363 1207 2396 AB
1252 2374 1345 2400 sexo.
1371 2367 1408 2396 et
1457 2363 1556 2402 uadr,
1579 2365 1610 2398 R
1633 2366 1725 2412 vulg·

314 2423 498 2447 nummum
525 2411 639 2444 millia
662 2419 712 2443 αε
827 2409 858 2452 4.
885 2414 924 2441 ut
948 2414 987 2441 tu
1012 2407 1114 2455 dicis]
1143 2414 1183 2440 ut
1200 2410 1330 2442 auditis
1357 2407 1424 2443 cod
1449 2409 1588 2444 .Franc.
1606 2407 1737 2449 Dresch
1774 2410 1793 2443 s

315 2461 349 2494 5.
374 2459 527 2491 millium
555 2457 710 2492 accessio
734 2466 800 2501 mg.
825 2453 878 2488 ed.
909 2455 1004 2498 1584.
1098 2457 1130 2488 6.
1160 2455 1215 2487 sin
1241 2456 1343 2494 υῐξτ
1390 2456 1540 2488 alter-um
1564 2461 1604 2489 ut
1628 2467 1692 2490 om.
1717 2465 1736 2490 ε

315 2503 555 2552 quadragena]
574 2510 727 2551 quatuor
740 2501 973 2547 quadraginta
1000 2513 1022 2533 a
1043 2512 1125 2534 cccc
1151 2501 1230 2547 bcq
1253 2512 1292 2534 cc
1314 2511 1337 2533 α
1385 2514 1485 2535 mcxi.
1507 2503 1580 2535 ικλ
1594 2505 1736 2544 ηνξοπ

317 2562 348 2596 7.
379 2552 493 2584 millia
517 2551 613 2585 sexd.
636 2550 709 2584 AB
753 2548 868 2581 millia
895 2558 1078 2579 nummum
1094 2547 1190 2580 sexd.
1212 2548 1242 2580 B
1258 2549 1287 2581 Ο
1364 2546 1412 2583 13.
1439 2554 1492 2581 est
1515 2548 1582 2582 ista
1606 2561 1660 2583 res
1685 2557 1736 2582 αε

319 2599 374 2634 16,
406 2598 472 2629 ista
500 2599 611 2632 multa
634 2595 882 2642 ABbcqaeae
907 2594 1018 2625 multa
1048 2593 1115 2626 ista
1139 2593 1170 2626 R
1192 2595 1292 2639 vulg.
1366 2605 1415 2638 ¹7·
1441 2595 1657 2628 conformavi
1687 2597 1736 2645 ej.»

317 2644 436 2678 lamb.
515 2654 563 2689 ¹9·
586 2644 714 2688 partim
740 2645 863 2674 ruinae
889 2640 1060 2672 similiora
1076 2665 1085 2679 ,
1113 2642 1240 2678 partim
1262 2645 1378 2672 autem
1404 2643 1605 2686 tempestati
1630 2648 1736 2688 quam

317 2690 452 2723 iudicio
487 2680 527 2723 et
557 2688 812 2735 dleceptationi
835 2686 962 2720 similis
985 2687 1074 2727 (sic)
1098 2685 1193 2719 ABb
1219 2690 1349 2727 (corrj
1417 2680 1457 2700 '‘'¹
1478 2685 1495 2710 ἰ’
