1846 3178
248 706 255 710 ¹
305 761 911 825 A-DNOTAT-IO
955 761 1389 825 CRITICA.

230 1165 329 1221 Pag.
343 1166 380 1211 3.
411 1167 531 1209 PRO
559 1169 614 1209 A.
643 1169 710 1209 CL
718 1169 951 1212 UENTIO
978 1169 1239 1226 HABITO]
1268 1170 1414 1210 Habiti
1424 1185 1574 1224 cogno-

125 1248 219 1277 men
242 1237 339 1278 olim
363 1241 406 1279 in
433 1241 622 1281 omnibus
645 1242 889 1283 editionibus
918 1244 1004 1282 sine
1026 1243 1110 1282 ulla
1132 1244 1356 1297 suspicione
1374 1242 1571 1296 vulgaba-

121 1314 204 1349 tur.
264 1309 426 1351 Primus
454 1313 675 1353 Lambinus
699 1328 845 1368 magno
865 1314 1027 1354 Cuiacio
1050 1329 1205 1354 morem
1234 1317 1377 1369 gessit,
1410 1316 1481 1368 qui
1520 1315 1573 1354 ad

120 1378 254 1420 Paulli
283 1382 327 1422 S.
359 1383 410 1422 R.
447 1382 529 1424 Ill.
558 1385 622 1423 tit.
654 1383 694 1437 4.
720 1385 980 1424 librariorum
1026 1400 1161 1425 errore
1190 1385 1288 1425 illud
1323 1386 1572 1440 ubicumque

123 1460 355 1506 appareret,
398 1461 538 1494 natum
564 1469 649 1496 esse
681 1456 914 1507 contendit,
945 1464 985 1495 et
1016 1458 1247 1511 antiquam,
1277 1467 1382 1511 quae
1415 1456 1473 1496 illi
1510 1458 1572 1497 vi-

121 1522 316 1572 debatur,
347 1524 543 1574 sormam‚
578 1527 724 1567 Avitus
756 1542 801 1567 ex
829 1528 1068 1568 Florentino
1098 1530 1396 1568 pandectarum
1437 1528 1484 1583 (l.
1503 1530 1571 1583 39.

119 1594 174 1634 D.
206 1594 258 1634 de
283 1597 420 1650 poenis
444 1596 638 1637 XLVIII.
674 1597 758 1652 19.)
791 1598 930 1638 codice
957 1599 1246 1638 restituendam
1290 1599 1460 1638 censuit.
1491 1600 1572 1639 Sed

119 1681 173 1706 ne
202 1668 243 1706 in
274 1666 352 1706 hoc
380 1667 543 1721 quidem
581 1667 709 1716 illud,
745 1669 855 1722 quod
888 1684 912 1708 a
956 1670 1156 1708 Lambino
1196 1678 1403 1723 receptum
1446 1673 1570 1710 ceteri

118 1751 259 1778 omnes
287 1737 391 1778 iusto
416 1739 600 1793 cupidius
628 1741 896 1794 arripuerunt,
925 1740 1085 1789 Avitus,
1119 1740 1280 1795 legitur,
1312 1741 1382 1781 sed
1412 1741 1569 1794 Abitus,

117 1809 204 1850 sola
231 1811 477 1864 aspiratione
509 1810 687 1863 abiecta,
715 1812 823 1866 quod
854 1813 995 1852 vitium
1024 1815 1067 1852 in
1096 1815 1287 1853 sexcentis
1337 1814 1569 1855 nominibus

119 1881 240 1920 etiam
266 1881 394 1922 bonos
422 1889 462 1922 et
488 1889 664 1922 vetustos
690 1882 814 1923 libros
842 1884 1004 1935 insedit,
1039 1885 1141 1924 sicut
1168 1887 1209 1924 in
1241 1887 1379 1939 paucis
1410 1895 1570 1926 nostro-

119 1967 211 1993 rum
239 1953 283 1996 h.
315 1951 344 1992 l.
376 1960 556 2007 apparet.
611 1953 734 1993 Nobis
762 1954 925 2008 quidem
953 1954 1080 1994 multo
1109 1956 1248 2006 tutius,
1282 1958 1404 1995 immo
1433 1972 1570 1998 neces-

119 2026 228 2065 sario
277 2023 345 2064 illa
395 2025 570 2063 nominis
615 2025 744 2064 forma
787 2025 1016 2065 reducenda
1051 2026 1296 2078 videbatur,
1337 2042 1458 2082 quam
1500 2044 1570 2082 per

119 2096 246 2135 totam
301 2097 523 2136 orationem
566 2095 686 2150 longe
726 2095 912 2150 plerique
954 2104 994 2136 et
1037 2101 1367 2150 praestantissimi
1412 2102 1568 2141 codices

117 2166 336 2216 exhibent,
366 2181 568 2220 quamque
599 2167 862 2218 Quinctiliani
898 2166 989 2207 libri
1025 2168 1075 2208 ad
1108 2183 1233 2209 unum
1262 2184 1401 2212 onmes
1441 2173 1568 2226 phiri-

117 2238 195 2279 bus
222 2238 320 2279 locis
349 2245 579 2278 constanter
604 2246 796 2279 tuentur:
827 2240 899 2279 cfr·
926 2239 953 2281 l.
988 2241 1062 2289 IV,
1093 2255 1130 2280 2.
1166 2242 1226 2281 16.
1254 2241 1296 2296 ²⁸¹)
1328 2244 1379 2293 V,
1418 2258 1479 2283 10.
1497 2243 1567 2284 68.

118 2310 285 2350 Accedit
313 2310 422 2366 quod
450 2310 551 2350 nihil
581 2312 678 2351 novi
706 2318 777 2351 aut
816 2310 963 2351 insoliti
995 2312 1036 2351 iu
1065 2312 1203 2352 Habiti
1242 2318 1406 2354 nomine
1449 2316 1564 2365 inest,

209 2473 246 2516 *J
269 2472 506 2519 Spaldingius
538 2473 584 2508 ad
619 2474 659 2511 h.
684 2475 711 2509 l.
736 2474 825 2510 haec
849 2475 1039 2511 observat:
1076 2475 1256 2511 Habitus.-
1282 2476 1334 2509 sic
1347 2475 1436 2523 fire
1460 2474 1565 2518 libri,

256 2537 333 2570 nisi
361 2537 461 2586 quod
493 2538 611 2586 Camp‘
637 2537 789 2580 Abitus,
821 2537 922 2587 quod
953 2541 1106 2586 propius
1134 2540 1233 2575 abest
1262 2552 1284 2573 a
1310 2540 1497 2586 scriptura
1526 2541 1566 2573 in

259 2597 447 2636 Ciceronis
474 2599 575 2637 codd.
601 2600 729 2647 (immo
743 2603 782 2635 in
806 2602 1048 2648 editionibus)
1071 2603 1254 2639 obtinente
1278 2604 1431 2638 Avitus.-
1448 2605 1567 2647 Quin·

256 2662 428 2696 tilianam
455 2663 570 2698 libros
598 2662 651 2698 ud
673 2662 938 2708 Cicer-aniano:
963 2666 1154 2703 immane
1182 2667 1223 2698 in
1250 2676 1290 2700 re
1313 2661 1462 2703 J'u'caerta
1488 2675 1564 2700 non

258 2731 311 2758 est
333 2736 484 2760 necesse.

1247 2808 1313 2844 10'
