1846 3178
581 129 696 190 PRO
727 148 783 190 A.
806 149 1105 191 emmeno.
1516 175 1575 223 ¹9

124 280 398 334 effusus,
432 273 822 344 proscribendos
851 273 1330 343 interficiendosque
1362 291 1579 330 curaret.

121 361 325 426 Inque,
359 355 462 405 illis
489 355 833 406 crudelissime
863 357 1166 417 interfectis,
1202 374 1307 406 non
1334 359 1578 411 mediocri

120 439 187 490 ‘ab
218 456 281 490 eo
311 440 468 490 ceteri
492 437 879 510 proscriptionis
901 452 953 489 et
974 440 1151 489 mortis
1175 451 1316 488 metu
1339 441 1580 491 teneban-

121 533 240 573 tur-A
286 522 379 572 His
403 522 556 572 rebus
578 521 635 569 in
658 539 806 571 causa
835 520 1130 590 iudicioque
1155 522 1438 591 patefactis,
1461 523 1580 591 quis

42 635 45 639 ·
94 608 218 666 Sest,
241 605 337 674 qui
363 606 517 655 illum
539 606 728 655 absolvi
754 604 977 675 potuisse
1002 606 1377 655 arbitraretur?
1407 609 1578 676 Atque
1610 607 1640 655 9

118 688 245 740 baec
275 707 432 759 parva
465 702 612 739 sunt:
664 688 945 756 cognoscite
980 689 1202 755 reliqua,
1250 700 1311 738 ut
1344 707 1452 739 non
1485 690 1578 739 ali-

118 771 330 840 quando
365 771 761 823 condemnatum
806 787 905 820 esse
939 770 1315 839 Oppianicum,
1367 771 1454 821 sed
1485 773 1579 822 ali-

115 854 372 924 quamdiu
406 856 716 906 incolumem
747 852 898 935 fuisse
930 852 1206 902 miremini.

163 954 187 976 ἐ
250 939 483 990 Primum
515 936 681 988 videte
704 936 929 987 hominis
952 935 1234 986 audaciam.
1285 937 1494 988 Sassiam
1519 938 1575 987 in
1617 949 1672 995 26

71 1020 512 1072 tentatrimonium
534 1019 734 1080 ducere,
761 1020 939 1069 Habiti
964 1033 1205 1080 matrem,
1230 1020 1396 1079 illam,
1433 1020 1581 1072 cuius

102 1103 288 1154 virum
308 1105 530 1154 Aurium
565 1104 672 1155 occi
755 1115 848 1171 ..³¹⁵2
884 1103 1192 1173 concupivit.
1261 1105 1451 1153 Utrum
1484 1104 1578 1153 im-

115 1184 400 1257 pudentior
429 1185 544 1246 hic,
580 1103 956 1254 quid'ffstulet,
992 1202 1060 1234 an
1095 1183 1356 1234 crudelior
1389 1185 1500 1244 illa,
1535 1184 1578 1235 si

117 1267 311 1328 nubat,
354 1267 568 1318 difficile
610 1267 755 1317 dictu
796 1279 880 1317 est.
952 1267 1047 1317 Sed
1092 1279 1262 1317 tamen
1306 1267 1580 1334 utriusque

115 1349 495 1402 humanitatem
514 1351 955 1418 constantiamque
978 1352 1273 1419 cognoscite.
1319 1351 1454 1401 Petit
1471 1352 1577 1421 Op—
1605 1380 1654 1421 27

67 1431 376 1501 25pianicus,
409 1445 471 1482 ut
502 1433 598 1482 sibi
619 1431 773 1482 Sassia
807 1433 996 1491 nubat,
1031 1444 1083 1481 et
1117 1432 1173 1481 id
1205 1451 1388 1502 magno
1424 1451 1577 1503 opere

117 1515 397 1565 contendit.
464 1516 558 1564 Illa
602 1527 774 1563 autem
818 1532 924 1562 non
961 1512 1250 1564 admiratur
1283 1516 1573 1569 audaciam,

117 1611 226 1646 non
259 1594 642 1665 impudentiam
679 1605 1011 1663 aspernatur,
1047 1613 1152 1643 non
1175 1594 1400 1665 denique
1434 1599 1580 1649 illam

116 1677 395 1748 Oppianici
421 1668 656 1738 domuin,
690 1678 787 1726 viri
811 1676 889 1726 sui
914 1678 1162 1745 sanguine
1184 1679 1575 1744 redundantem,

117 1760 440 1812 reformidat:
463 1761 550 1811 sed
572 1760 713 1830 quod
731 1760 944 1810 haberet
967 1760 1055 1810 ille
1079 1774 1177 1811 tres
1200 1762 1353 1822 filios,
1382 1765 1573 1815 idcirco

64 1862 168 1902 mse
199 1845 266 1895 ab
302 1843 382 1894 his
425 1842 622 1911 nuptiis
655 1841 932 1891 abhorrere
966 1843 1240 1912 respondit.
1324 1847 1576 1915 Oppiani-

118 1947 231 1988 cus,
265 1926 359 1996 qui
383 1924 656 1995 pecuniam
683 1925 866 1975 Sassiae
888 1926 1276 1995 concupivisset,
1302 1927 1452 1978 domo
1477 1929 1574 1979 sibi

114 2007 473 2081 quaerendum
499 2005 783 2055 remedium
806 2006 1109 2056 existimavit
1135 2006 1201 2057 ad
1227 2025 1338 2058 eam
1362 2029 1573 2070 moram,

116 2111 252 2164 quae
285 2091 482 2162 nuptiis
514 2090 835 2138 afferebatur.
902 2091 1032 2140 Nam
1064 2110 1230 2158 quum
1266 2092 1478 2144 haberet
1515 2111 1575 2143 ex

117 2177 275 2228 Novia
323 2175 576 2225 infantem
620 2173 788 2222 filium
818 2211 831 2233 ‚
878 2175 1007 2223 alter
1051 2187 1223 2225 autem
1262 2177 1369 2226 eius
1414 2177 1573 2238 filius,

223 2290 266 2331 5.
291 2288 546 2329 terrebantur
661 2302 721 2327 11.
752 2286 806 2326 Α.
833 2287 1004 2326 Aurium
1121 2302 1184 2344 19.
1203 2296 1284 2330 tres
1314 2289 1381 2330 ille

214 2389 243 2414 ι.
271 2378 410 2412 curavit
432 2377 490 2411 bh
500 2389 558 2412 nv
616 2376 794 2411 curaverit
819 2387 842 2409 a
921 2387 953 2411 2.
970 2377 1022 2411 ita
1049 2389 1072 2411 a
1168 2379 1201 2413 3.
1228 2379 1450 2413 tenebantur
1474 2380 1572 2414 ΑΒί

118 2425 350 2461 terrebantur
373 2426 403 2460 R
419 2427 449 2459 0
569 2424 600 2470 4.
630 2425 693 2470 qui
720 2422 863 2469 aghio
909 2435 968 2456 να
1075 2425 1106 2459 5.
1130 2425 1328 2460 arbitretur
1352 2439 1396 2466 a,
1415 2425 1573 2462 Weiskii

117 2473 166 2522 ej.
259 2483 294 2518 7.
318 2473 527 2506 damnatum
557 2484 580 2505 a
629 2470 825 2517 aliqnando
885 2469 1170 2516 efgkorstue
1289 2474 1320 2507 8.
1345 2474 1571 2508 miraremini

118 2531 144 2553 a
261 2532 294 2566 9.
319 2520 454 2554 Sasiam
479 2519 558 2552 bei
604 2519 746 2552 Saxiam
775 2530 798 2565 q
923 2530 970 2551 ιι.
1004 2519 1149 2551 Aurium
1176 2520 1283 2566 ABq
1351 2522 1396 2557 A.
1421 2522 1572 2556 Aurium

118 2567 190 2601 Ro
311 2579 359 2602 ια.
384 2567 547 2612 postulet
572 2566 749 2614 Babciq
897 2567 947 2599 13.
975 2564 1109 2598 dictum
1136 2578 1188 2611 ps·
1325 2568 1376 2604 18,
1405 2567 1568 2615 domum]

121 2613 304 2647 dexteram
329 2615 448 2649 Palac.
474 2617 497 2650 6
524 2621 557 2647 et
590 2626 607 2658 7
636 2626 693 2660 ap.
733 2614 835 2646 Grut.
863 2613 986 2645 nullus
1013 2611 1113 2646 codd.
1146 2621 1376 2657 nostrortcm5
1413 2627 1427 2647 ι
1443 2615 1573 2661 κλμν

120 2663 236 2702 (corr.
262 2666 304 2703 ς)
351 2673 415 2695 om.
446 2662 664 2707 abcipwa
758 2660 967 2704 sanguinem
984 2660 1013 2693 Β
1101 2672 1150 2703 ¹9·
1177 2659 1289 2692 habet
1313 2660 1365 2700 δζ
1411 2662 1475 2696 ille
1499 2667 1570 2696 tres

120 2707 190 2741 AB
236 2712 307 2741 tres
331 2707 483 2743 iueRo
531 2719 585 2742 20.
612 2721 650 2745 se
678 2721 745 2742 om.
770 2708 799 2741 B
848 2718 899 2740 αι.
929 2706 1071 2740 Sassiae
1096 2707 1287 2750 pecuniam
1312 2706 1362 2741 bc
1412 2708 1467 2752 24,
1494 2709 1571 2742 No-

119 2754 235 2788 nimia
259 2754 375 2802 bcqoe
422 2755 586 2789 Novimia
611 2756 627 2789 ι’
673 2753 890 2788 Nominiaw
938 2751 1127 2800 infantem]
1158 2765 1202 2786 ne
1229 2758 1313 2787 ante
1329 2763 1376 2801 pt
1423 2767 1470 2791 nc
1496 2755 1570 2790 iuri

120 2805 205 2836 ante
230 2812 255 2835 u
301 2811 349 2835 ne
375 2801 472 2837 vitae
502 2813 547 2836 rs
595 2808 679 2838 ante
703 2803 823 2850 biqw
870 2813 936 2835 om.
962 2800 1022 2835 dk
1071 2800 1167 2834 filius
1195 2801 1274 2835 eius
1299 2813 1323 2835 a
