1846 3178
312 194 326 222 1
337 177 367 236 4
909 171 1116 212 oaATio

300 310 381 344 sus
413 293 622 344 reticeri.
645 295 787 343 nullo
819 294 969 345 modo
1003 295 1168 364 possit..
1256 313 1338 367 ¹oc
1379 298 1515 348 enim
1555 299 1720 368 ipsum

299 375 571 435 iudicium,
619 375 713 424 hoc
753 374 1062 444 periculum,
1114 377 1170 427 ill
1270 380 1509 440 ccusatio,
1555 382 1719 435 omnis

299 459 499 511 testium
534 458 699 526 copia,
734 473 864 524 quae
887 456 1061 506 futura
1084 470 1178 516 est,
1211 476 1240 506 a
1267 473 1425 510 matre
1459 462 1718 515 initiotest

296 540 560 597 adornata,
601 557 630 587 a
676 550 835 588 matre
879 538 977 587 hoc
1010 551 1231 607 tempore
1265 542 1533 592 instruitur
1563 555 1717 611 atque

293 621 526 670 omnibus
556 619 665 669 eius
707 618 888 687 opibus
919 630 970 667 et
1001 619 1157 686 copiis
1192 635 1533 690 comparatur:
1603 628 1742 694 IpsaS

290 701 510 768 denique
545 717 710 769 nuper
742 699 949 755 Larino,
999 699 1152 749 huius
1192 703 1511 770 opprimendi
1545 723 1712 767 causa,

289 786 497 833 Romam
529 780 802 840 advolavit,
850 792 1046 850 praesto
1080 793 1151 830 est
1182 783 1366 832 mulier
1398 773 1598 848 audax,ir
1627 796 1721 858 pei

288 864 520 922 cuniosa,
566 861 804 912 crudelis:
866 861 1087 911 instituit
1126 876 1456 925 accusatores,
1506 867 1714 918 instruit

289 958 454 995 testes:
487 946 716 1012 squalore
737 943 888 992 huius
910 955 961 993 et
984 942 1212 994 sordibus
1237 947 1472 996 laetatur:
1501 948 1714 1007 exitium

285 1039 507 1096 exoptat:
542 1026 837 1092 sanguinem
867 1043 1016 1074 suum
1049 1025 1358 1094 profundere
1392 1032 1593 1078 omnem
1625 1046 1763 1079 cu-ro

282 1109 384 1176 pit,
419 1106 693 1156 dummodo
726 1107 990 1175 profusum
1025 1107 1177 1157 huius
1201 1119 1318 1157 ante
1345 1109 1522 1158 videat.
1575 1110 1712 1164 Haec

280 1190 377 1238 nisi
411 1188 578 1238 omnia
613 1190 958 1257 perspexeritis
991 1189 1047 1238 in
1080 1207 1249 1252 causa,
1286 1202 1468 1240 temere
1505 1211 1533 1240 a
1565 1192 1711 1260 nobis

279 1271 422 1320 illam
465 1270 710 1338 appellari
755 1283 1007 1339 putatote:
1060 1273 1138 1320 sin
1178 1284 1331 1320 erunt
1363 1284 1412 1321 et
1453 1261 1626 1341 aperta
1659 1287 1710 1324 et

280 1351 496 1410 nefaria,
540 1351 773 1400 Cluentio
819 1352 1067 1422 ignoscere
1103 1353 1308 1411 debetis,
1352 1348 1491 1419 quod
1523 1355 1645 1404 haec
1675 1375 1704 1405 a

279 1451 360 1483 me
394 1433 494 1481 (lici
528 1431 778 1499 patiatur:
827 1432 955 1480 mihi
997 1433 1248 1499 ignoscere
1290 1451 1394 1482 non
1440 1434 1760 1497 deberetis‚=5

277 1515 317 1565 si
354 1528 580 1564 tacerem.

215 1593 243 1637 7
405 1598 554 1645 Nunc
583 1596 684 1644 iam
711 1597 1000 1644 summatim
1026 1613 1294 1664 exponam,
1330 1592 1708 1663 quibus'crimi-

199 1666 246 1707 ¹9
279 1680 432 1728 nibus
464 1678 776 1746 Oppianicus
808 1676 1072 1727 damnatus
1093 1679 1175 1727 sit:
1213 1690 1272 1727 ut
1297 1690 1347 1726 et
1372 1680 1706 1731 constantiam

278 1764 333 1810 A.
350 1759 572 1811 Cluentii
597 1772 646 1808 et
669 1760 916 1808 rationem
948 1759 1272 1808 accusationis
1298 1761 1573 1828 perspicere
1596 1782 1706 1831 pos-

277 1841 394 1890 sitis.
463 1844 534 1889 Ac
579 1839 805 1908 primum
848 1857 992 1889 causa
1038 1841 1301 1889 accusandi
1348 1860 1477 1910 quae
1519 1843 1754 1904 fuerit‚20

278 1920 559 1980 ostendam,
594 1933 653 1970 ut
687 1921 741 1969 id
774 1922 941 1990 ipsum
965 1925 1019 1970 A.
1046 1923 1338 2002 Cluentium
1365 1923 1505 2007 νιῖῴε
1538 1943 1702 1976 neces·

199 2022 248 2050 20
278 2006 421 2054 sitate
465 2017 694 2052 coactum
733 2004 897 2053 fecisse
939 2004 1157 2053 videatis.
1225 2006 1399 2069 Quum
1439 2004 1700 2058 'manifesto

277 2103 528 2135 venenum
559 2085 984 2147 deprehendisset,
1028 2085 1166 2152 quod
1199 2087 1277 2135 vir
1309 2088 1479 2142 matris
1502 2089 1700 2158 Oppia-

278 2167 421 2217 nicus
445 2169 490 2216 ei
514 2167 797 2235 paravisset,
836 2180 885 2216 et
908 2185 982 2215 res
1005 2186 1110 2217 non
1134 2167 1443 2227 coniectura,
1477 2169 1561 2218 sed
1582 2188 1698 2220 ocu-

393 2317 424 2343 1.
451 2302 616 2341 reticere
720 2303 777 2345 13.
808 2302 868 2339 sin
897 2308 1027 2339 autem
1124 2314 1188 2343 21,
1220 2308 1258 2340 et
1285 2304 1512 2343 necessitate

372 2424 400 2449 1.
427 2411 569 2445 reticeri
594 2410 663 2443 AB
710 2410 858 2442 reticere
883 2411 956 2443 Ro
1048 2420 1079 2442 2.
1105 2408 1180 2455 illa]
1209 2410 1294 2442 hacc
1319 2411 1336 2449 ξ
1436 2413 1468 2456 4,
1492 2411 1696 2447 instituitur

276 2469 326 2492 ηε
397 2459 425 2493 5-
458 2456 505 2503 et]
533 2462 640 2501 atquc
668 2455 748 2502 bcq
844 2459 880 2489 6.
914 2456 1046 2488 Larino
1076 2468 1139 2489 om.
1167 2455 1414 2504 abciqwoes
1462 2456 1567 2494 huius
1593 2470 1692 2503 oppr.

275 2516 397 2539 causa:
422 2503 455 2536 Ῐι.
484 2505 506 2536 l.
529 2514 654 2536 rursus
680 2503 809 2547 incipit
836 2503 863 2535 C
1001 2502 1032 2538 8,
1090 2502 1236 2534 instruit
1276 2514 1344 2536 acc.
1379 2502 1693 2551 desghlmnov

276 2562 297 2583 κ
312 2552 389 2589 λνξ
404 2559 426 2582 σ
497 2549 653 2581 instituit
674 2553 781 2581 testes
809 2561 831 2581 a
847 2548 928 2595 hcq
944 2556 1051 2582 rslu
1079 2549 1137 2583 Fr.
1157 2547 1256 2584 codd.
1281 2557 1336 2581 ασ
1476 2562 1524 2584 12.
1547 2562 1695 2596 prospe-

270 2598 395 2633 xeritis
425 2593 918 2642 bcdefg'hilmnoqvas
966 2595 1002 2625 in
1029 2604 1134 2629 cansa
1160 2605 1274 2639 prosp.
1301 2605 1350 2628 αε
1447 2596 1496 2631 13·
1514 2597 1568 2629 sin
1589 2604 1695 2632 erunt

271 2644 339 2676 AB
351 2643 408 2676 Ca
457 2643 510 2674 sin
536 2649 651 2674 autem
679 2645 783 2674 erunt
806 2642 880 2675 Ro
979 2641 1026 2683 ¹4·
1053 2640 1234 2675 debebitis
1265 2642 1292 2675 C
1340 2641 1518 2676 deberetis
1537 2641 1695 2690 dinmg.

273 2715 288 2728 ‚
388 2689 437 2725 15,
463 2688 601 2721 debetis
630 2695 713 2720 ηοε
827 2699 874 2731 19·
903 2687 1069 2720 Cluentio
1094 2687 1356 2721 abcrstuae
1458 2700 1513 2725 20.
1551 2700 1692 2722 causam

274 2736 288 2767 i
326 2734 442 2767 fuerat
465 2735 494 2767 B
609 2745 665 2769 21.
691 2733 727 2766 id
755 2745 819 2766 om.
849 2732 1028 2779 abciqw
1048 2744 1098 2772 ες·
1144 2744 1182 2765 ac
1206 2735 1530 2782 ABCahcpqw
1563 2740 1599 2770 et
1623 2737 1694 2773 Ro

272 2781 307 2813 vi
335 2780 388 2827 ac]
417 2781 454 2813 in
474 2779 539 2813 hac
563 2792 585 2812 α
691 2791 744 2813 22.
770 2786 930 2813 coactum
956 2793 1019 2812 om.
1046 2793 1070 2812 η
