1846 3178
308 196 326 227 1
343 196 358 226 ι
368 180 399 240 4
917 174 1126 215 ORATlo

307 313 451 346 causa
487 296 721 347 tabellam
753 298 1047 365 sumpserit,
1084 315 1188 348 non
1220 314 1270 348 se
1302 309 1540 368 reputare
1573 280 1736 349 soluisti

309 394 419 437 esse,
455 395 620 445 neque
652 377 770 435 sibi,
806 375 1165 445 quodcumque
1197 379 1524 447 concupierit,
1561 379 1735 440 licere;

311 459 397 509 sed
430 458 616 508 habere
651 458 707 506 in
742 457 952 506 consilio
986 458 1163 525 legem,
1204 460 1516 526 religionem,
1567 459 1738 527 aequi-

311 553 479 598 tatem,
517 538 690 587 fidem:
735 537 1004 587 libidinem
1039 552 1222 599 autem,
1258 540 1444 600 odium,
1479 541 1736 600 invidiam,

306 633 523 678 metum,
559 618 962 687 cupiditatesque
993 621 1155 671 omnis
1198 638 1447 673 amovere:
1502 623 1774 678 maximi-5,

306 719 407 770 que
450 701 709 750 aestimare
749 702 1106 752 conscientiam
1149 704 1329 753 mentis
1369 721 1511 763 suae,
1581 722 1737 772 quam

305 784 369 831 ab
413 781 528 833 Diis
569 782 938 833 immortalibus
984 784 1292 853 accepimus,
1335 801 1465 853 quae
1515 803 1543 833 a
1589 785 1738 834 nobis

305 864 477 912 divelli
526 881 631 915 non
672 877 857 934 potest:
905 883 1035 933 quae
1082 867 1122 914 si
1157 867 1471 934 optimorum
1505 866 1734 915 consilio-

310 964 428 995 rum
465 957 618 1013 atque
674 947 929 996 factorum
989 948 1123 997 testis
1164 947 1219 996 in
1269 948 1407 996 omni
1450 945 1551 996 vita
1594 946 1740 997 nobis

306 1027 416 1086 erit,
434 1027 539 1076 sine
572 1028 679 1076 ullo
713 1041 856 1077 metu
884 1041 934 1077 et
965 1046 1159 1078 summa
1180 1047 1296 1077 cum
1330 1028 1586 1078 honestate
1609 1022 1791 1098 vive-io

214 1114 287 1155 160
315 1126 440 1157 mus·
477 1110 613 1156 Haec
645 1107 686 1157 si
718 1110 776 1157 T.
790 1109 967 1158 Accius
992 1122 1082 1159 aut
1100 1109 1412 1176 cognovisset,
1431 1122 1520 1158 aut
1536 1107 1739 1176 cogitas-

304 1201 403 1240 sett
427 1189 651 1257 profecto
674 1206 740 1237 ne
756 1204 961 1239 conatus
978 1190 1185 1258 quidem
1197 1203 1316 1239 esset
1329 1190 1506 1248 dicere,
1527 1189 1581 1238 id
1597 1187 1738 1257 quod

305 1270 483 1320 multis
526 1270 690 1318 verbis
734 1272 864 1338 egit,
923 1272 1163 1330 iudicem,
1208 1271 1347 1338 quod
1390 1271 1436 1319 ei
1486 1270 1773 1329 videatur„

305 1364 546 1411 statuere,
581 1364 632 1400 et
665 1370 771 1401 non
807 1352 1096 1401 devinctum
1129 1353 1320 1419 legibus
1352 1368 1448 1400 esse
1490 1363 1734 1420 oportere.

306 1433 508 1497 Quibus
553 1430 614 1480 de
669 1433 820 1481 rebus
875 1433 1002 1481 mihi
1047 1451 1141 1503 pro
1200 1432 1421 1481 Cluentii
1474 1433 1789 1483 voluntate&

308 1513 568 1569 nimium,
631 1532 726 1582 pro
771 1514 852 1562 rei·
891 1513 1135 1580 dignitate
1180 1521 1388 1581 parumf,
1438 1532 1530 1582 pro
1575 1525 1734 1563 vestra

305 1594 581 1665 prudentia
617 1595 731 1643 satis
763 1594 938 1644 dixisse
971 1594 1155 1643 videor.
1222 1595 1436 1661 Reliqua
1481 1612 1735 1663 perpauca

312 1688 457 1734 sunt,
512 1694 669 1742 quae,
711 1677 832 1741 quia
873 1688 1059 1723 vestrae
1106 1676 1410 1741 quaestionis
1453 1687 1623 1735 erant,
1658 1675 1735 1724 id-

304 1757 440 1805 circo
455 1756 531 1804 illi
555 1769 845 1807 statuerunt
860 1755 1092 1822 fingenda
1113 1773 1210 1805 esse
1236 1756 1393 1805 sibiet
1416 1756 1730 1826 proferenda,

303 1856 368 1887 ne
412 1838 645 1886 omnium
691 1837 963 1904 turpissimi
1009 1837 1377 1904 reperirentur,
1427 1838 1467 1885 si
1513 1837 1568 1886 in
1600 1836 1786 1891 iudi-20

246 1956 254 1965 .
307 1916 445 1965 cium
480 1903 640 1975 nihil,
676 1929 874 1984 praeter
909 1915 1173 1977 invidiam,
1210 1917 1502 1966 attulissent.
1543 1920 1726 1985 Atque,

305 2010 366 2047 ut
397 1996 698 2055 existimetis,
725 2013 804 2044 me
841 1998 1108 2045 necessario
1144 1995 1205 2044 de
1239 1997 1316 2045 his
1349 1998 1511 2056 rebus,
1525 1997 1587 2046 de
1618 1997 1732 2065 qui-

421 2162 454 2187 1.
481 2160 526 2185 se
556 2152 697 2199 putare
725 2159 805 2184 esse
834 2143 962 2182 solum
1133 2143 1195 2183 16.
1221 2159 1294 2198 pro
1320 2145 1375 2182 rei
1406 2144 1587 2197 publicae
1603 2142 1734 2198 digni-

416 2209 496 2242 tate
666 2214 727 2253 ις).
762 2200 836 2238 sibi
865 2199 1047 2252 fingenda
1076 2213 1160 2238 esse
1324 2214 1390 2238 22.
1420 2199 1639 2238 necessario
1670 2213 1736 2239 me

409 2339 434 2360 ι.
461 2337 534 2360 non
559 2335 597 2359 se
623 2328 788 2370 reputare
817 2323 931 2356 solum
958 2334 1033 2356 esse
1058 2324 1128 2357 AB
1220 2328 1385 2368 reputare
1412 2335 1484 2356 non
1511 2334 1548 2356 se
1574 2334 1650 2357 esse
1675 2332 1731 2356 w-

308 2373 384 2407 lum
410 2374 429 2412 ξ
566 2383 639 2404 non
676 2382 712 2404 se
739 2376 866 2414 putare
895 2380 970 2403 esse
996 2370 1164 2405 solum.R
1188 2372 1286 2415 vulg.
1441 2369 1491 2416 se]
1517 2370 1568 2403 sic
1591 2377 1730 2403 rstuv

309 2422 344 2464 4.
370 2419 488 2459 fidem,
505 2418 722 2463 aequitatem
747 2426 799 2449 αε
939 2417 973 2451 5.
1000 2416 1306 2462 cupiditatemque
1331 2416 1470 2449 omnem
1496 2416 1583 2464 qu}
1653 2427 1730 2448 ma—

308 2468 471 2512 ximique
494 2465 679 2509 βγθκλν
692 2465 709 2502 ζ
724 2475 742 2506 ρ
756 2472 805 2495 στ
905 2463 1133 2507 maximeque
1170 2465 1242 2496 Πα
1255 2462 1368 2507 degn
1382 2473 1400 2495 ο
1416 2471 1445 2494 π
1502 2492 1504 2494 ,
1546 2464 1579 2496 6.
1601 2463 1729 2496 existi-

308 2523 406 2546 mare
434 2507 1017 2556 bcdefghknorstuvdeg,
1119 2508 1294 2554 11.haec]
1324 2508 1476 2555 hocqoe
1590 2509 1641 2544 13,
1670 2508 1729 2540 vi*

310 2559 416 2592 detur
441 2557 460 2590 b
477 2555 895 2601 cdeghnorstuvd‘c
1034 2557 1080 2588 16.
1108 2556 1159 2588 rei
1188 2555 1346 2588 ABlzix
1392 2557 1446 2588 rei
1471 2553 1638 2599 publicae
1660 2555 1731 2589 ΒΟ
1753 2555 1781 2561 ”

316 2604 366 2639 18.
393 2610 534 2637 nostrae
560 2615 582 2642 ς
743 2613 791 2646 19.
831 2601 998 2645 fugienda
1022 2600 1271 2647 bcdefgho
1285 2612 1317 2633 m
1333 2612 1356 2644 γ
1370 2610 1385 2632 ε
1400 2613 1419 2642 η
1520 2611 1593 2634 non
1633 2601 1731 2646 fugi-

312 2650 403 2682 enda
430 2661 458 2693 μ
553 2648 642 2696 esse]
669 2660 741 2681 non
767 2658 841 2681 esse
871 2661 889 2688 η
962 2647 1124 2690 fingenda
1152 2659 1226 2681 esse
1253 2646 1320 2679 sibi
1347 2647 1420 2680 AB
1498 2646 1568 2679 sibi
1593 2647 1731 2693 fingen-

313 2696 359 2731 da
383 2706 459 2729 esse
483 2696 512 2731 R
527 2696 555 2729 Ο
694 2706 749 2731 22.
775 2705 831 2727 me
855 2696 1053 2728 necessario
1080 2693 1152 2727 AB
1243 2704 1373 2727 necess.
1399 2704 1454 2727 me
1479 2694 1548 2728 ΒΟ
