1846 3178
287 207 347 258 52
885 202 1095 243 ORATlo

287 340 491 398 repente
512 326 860 397 pronuntiari:
890 325 1231 375 Dixerunt.
1266 324 1362 375 Hic
1389 336 1498 374 tum
1512 322 1701 392 Oppia-

286 411 429 459 nicus
461 427 565 458 non
598 425 776 473 magno
802 424 950 473 opere
970 405 1244 474 pertimuit·
1284 408 1404 454 Rem
1437 424 1465 453 a
1498 405 1698 454 Staieno

206 490 258 547 74-
286 491 559 560 perfectam
604 504 700 535 esse
742 487 1095 535 arbitrabatur.
1162 487 1224 532 In
1257 486 1521 534 consilium
1555 495 1698 533 erant

285 570 410 619 ituri
444 569 631 617 iudices
667 567 871 633 triginta
906 565 1021 613 duo.
1077 564 1341 624 Sententiis
1370 563 1580 612 sedecim
1611 563 1696 611 ab·

286 649 469 699 solutio
506 648 684 697 confici
714 657 921 715 poterat.
970 643 1303 709 Quadragena
1343 644 1500 693 millia
1548 652 1723 693 num-5

284 749 426 780 mum
460 730 516 778 in
549 729 770 796 singulos
805 727 990 774 iudices
1018 725 1285 773 distributa
1363 730 1479 774 eum
1524 742 1700 775 nume-

284 830 402 861 rum
434 811 796 860 sententiarum
830 808 1070 856 conficere
1106 805 1378 864 debebant,
1425 819 1485 855 ut
1517 805 1582 854 ad
1614 823 1700 854 cu-

284 888 506 951 1i1ulum‚
553 909 637 960 spe
685 892 935 939 maiorum
983 889 1349 958 praemiorum,
1397 886 1551 955 ipsius
1598 887 1702 936 Sta-

286 975 389 1024 ieni
439 973 682 1023 sententia
733 970 1133 1040 septimadecima
1182 968 1447 1017 accederet.
1535 970 1700 1035 Atque

287 1057 438 1104 etiam
470 1073 584 1104 casu
619 1067 753 1112 tum,
789 1052 927 1120 quod
960 1051 1088 1100 illud
1125 1063 1328 1118 repente
1361 1062 1467 1099 erat
1498 1049 1756 1108 factumffl,

287 1138 513 1186 Staienus
547 1136 648 1203 ipse
682 1154 786 1184 non
820 1134 1002 1182 aderat·
1083 1135 1290 1181 Causam
1336 1132 1499 1180 nescio
1548 1149 1704 1198 quam

286 1219 425 1287 apud
460 1217 678 1266 iudicem
713 1215 1020 1274 defendebat.
1056 1215 1221 1262 Facile
1255 1212 1350 1261 hoc
1383 1213 1598 1261 Habitus
1618 1230 1704 1280 pa-

288 1300 532 1348 tiebatur:
579 1298 723 1346 facile
770 1297 1076 1346 Cannutius:
1131 1308 1183 1343 at
1229 1314 1333 1343 non
1377 1295 1704 1363 Oppianicus,

287 1398 452 1447 neque
486 1392 728 1448 patronus
761 1378 866 1426 eius
888 1381 937 1425 L.
954 1378 1247 1440 Quinctius:
1282 1375 1371 1442 qui
1398 1394 1560 1442 quum
1586 1387 1708 1424 esset

287 1462 376 1510 illo
413 1474 634 1529 tempore
668 1460 926 1507 Tribunus
947 1459 1119 1526 plebis,
1152 1457 1435 1506 convicium
1459 1458 1510 1505 C.
1538 1457 1760 1514 Iunio,15

289 1542 447 1592 iudici
497 1541 822 1608 quaestionis,
870 1540 1145 1588 maximum
1191 1540 1333 1594 feeit,
1382 1551 1443 1586 ut
1492 1554 1559 1586 ne
1601 1538 1709 1586 sine

294 1623 434 1672 Aelio
482 1621 538 1669 in
586 1620 852 1668 consilium
893 1619 1071 1666 iretur:
1123 1635 1384 1685 quumque
1433 1617 1487 1666 id
1539 1618 1585 1666 ei
1619 1635 1710 1686 per

293 1703 501 1751 viatores
548 1702 774 1749 consulto
820 1701 1151 1766 negligentius
1193 1701 1271 1767 agi
1306 1699 1573 1754 videretur,
1606 1699 1712 1768 ipse

293 1801 321 1832 e
354 1784 559 1852 publico
602 1782 789 1831 iudicio
837 1781 901 1830 ad
949 1783 1205 1851 privatum
1239 1781 1427 1830 Staieni
1461 1780 1711 1829 iudicium

295 1865 546 1935 profectus
579 1876 672 1922 est,
709 1877 758 1912 et
790 1863 921 1912 illud
955 1882 1046 1930 pro
1079 1876 1317 1932 potestate
1339 1863 1527 1911 dimitti
1557 1862 1765 1911 iussit-20

410 1987 442 2012 1.
471 1972 727 2025 pronuntiare
755 1972 916 2026 judices.
948 1973 1169 2022 Dixerunt,
1197 1986 1237 2010 se
1264 1971 1306 2009 id
1339 1969 1441 2010 velle
1487 1970 1565 2009 Hic
1653 1969 1714 2013 15.

408 2041 454 2066 eo
484 2035 657 2080 tempore
826 2027 887 2066 16.
918 2027 1001 2065 sine
1029 2028 1187 2065 Staieno
1215 2029 1256 2065 in

394 2125 422 2148 ι.
445 2113 672 2156 pronuntiari
705 2112 780 2147 cod.
811 2115 845 2148 S.
874 2114 966 2148 Vict.
986 2114 1078 2147 Pall.
1105 2126 1124 2148 2
1148 2122 1181 2146 et
1206 2115 1240 2148 6.
1266 2113 1394 2147 Franc.
1427 2124 1454 2145 ι.
1553 2120 1716 2154 pronun-

298 2162 389 2195 tiare
424 2161 454 2194 R
483 2162 511 2193 Ο
579 2166 749 2204 pronuut.
786 2160 965 2192 dixerunt.
1015 2161 1079 2192 nic
1135 2163 1175 2192 11
1215 2159 1290 2193 cod.
1328 2161 1353 2193 S
1400 2159 1487 2191 Vict.
1511 2157 1604 2191 Pall.
1632 2167 1663 2190 2.
1688 2156 1712 2189 6

300 2208 430 2243 Franc.
471 2219 500 2243 ι.
535 2204 714 2251 αβγδεζ
806 2207 943 2250 judices
977 2207 1222 2251 pronunliare,
1267 2207 1444 2238 Dixerunt
1469 2215 1505 2236 sc
1547 2203 1583 2235 id
1607 2202 1714 2238 velle.

300 2255 368 2286 Hic
391 2256 419 2286 θ
437 2264 517 2299 ικμ
656 2252 791 2289 iudices
817 2254 1056 2297 pronuntiare.
1105 2252 1247 2285 Judices
1276 2263 1312 2284 sc
1338 2252 1375 2284 id
1411 2251 1504 2284 velle
1537 2249 1715 2290 dixerunt.

301 2300 369 2332 Hic
394 2301 413 2332 λ
435 2300 486 2338 νξ
577 2300 810 2343 pronuntiare
836 2299 972 2342 judicit
998 2300 1033 2332 id
1058 2310 1094 2331 se
1121 2300 1213 2332 velle
1239 2298 1407 2331 dixerunt
1433 2310 1450 2339 η
1552 2306 1716 2341 pronun-

301 2346 392 2379 tiare
420 2345 569 2388 judices.
591 2346 766 2378 Dixerunt
791 2357 827 2378 se
854 2346 891 2378 id
915 2346 1006 2377 velle
1055 2356 1113 2378 οπ
1135 2353 1218 2389 ρστ
1241 2347 1278 2386 (f
1305 2345 1446 2377 inclusa
1468 2353 1538 2376 voc.
1575 2341 1716 2382 udices)

302 2393 332 2425 5.
361 2391 586 2437 quadragena
615 2392 729 2424 millia
754 2403 936 2424 nummum
961 2390 1157 2437 defglno
1177 2394 1264 2434 αβγ
1280 2390 1418 2431 δἐζητ
1448 2387 1574 2421 >xxxx
1599 2386 1717 2419 millia

299 2450 486 2472 nummum
521 2438 680 2471 ABahc
773 2437 901 2471 DCLX
937 2439 1163 2482 quadragena
1197 2437 1311 2470 millia
1348 2445 1533 2477 nummum
1567 2441 1718 2479 prstu

299 2491 465 2517 sexcenta
502 2484 734 2530 quadraginta
773 2485 886 2517 millia
921 2485 1103 2516 huminum
1126 2495 1159 2516 m
1254 2484 1307 2515 HS
1343 2481 1576 2527 quadraginta
1599 2478 1718 2512 millia

274 2541 484 2563 -nummum
510 2527 910 2576 ικμνξίξοιη.Η8)
953 2531 1059 2563 XLI.
1194 2529 1263 2563 HS
1290 2529 1440 2562 DCXL
1481 2537 1537 2560 οπ
1649 2524 1717 2559 HS

301 2578 527 2621 quadragena
558 2588 578 2622 ρ
594 2584 617 2608 σ
750 2589 800 2610 ιο.
827 2577 937 2624 quod]
988 2576 1142 2622 quodam
1176 2575 1347 2610 ABhim
1361 2586 1419 2607 ux
1515 2585 1553 2607 12
1599 2572 1720 2617 patie-

301 2623 428 2658 hatur:
456 2623 488 2655 h.
513 2623 536 2656 l.
569 2623 597 2655 C
619 2634 743 2656 rursus
762 2624 891 2669 incipit
989 2625 1036 2656 15.
1076 2622 1140 2655 ino
1175 2619 1584 2665 ABCbcefghpvoes
1677 2629 1718 2650 eo

301 2670 331 2702 R
356 2669 455 2713 vulg.
556 2681 603 2712 ¹7·
629 2669 730 2701 Aelio
758 2670 787 2702 B
833 2669 896 2701 1110
927 2670 954 2702 C
1001 2668 1146 2702 Staieno
1175 2671 1269 2709 (cum
1291 2667 1398 2699 solita
1431 2667 1626 2706 varietate)
1649 2665 1720 2698 ΒΟ

302 2715 374 2747 iret
409 2724 424 2746 ε
525 2714 572 2760 ei]
603 2716 710 2747 etiam
735 2727 758 2754 ς
810 2715 848 2748 id
873 2714 919 2761 ei]
981 2715 1075 2748 idem
1101 2725 1124 2746 α
1147 2723 1163 2745 ε
1248 2715 1296 2746 ι8.
1325 2712 1491 2759 viatores]
1530 2714 1674 2746 lictores
1695 2707 1722 2744 d

306 2759 695 2806 efghiklmrstuv
785 2761 938 2795 victores
963 2772 982 2795 ο
1120 2772 1167 2805 ¹9·
1194 2758 1225 2806 e]
1257 2772 1276 2792 a
1308 2759 1461 2805 λμνρσ
