1846 3178
196 1368 248 1410 80

289 116 350 165 56
892 118 1103 159 ORA'no

285 236 479 288 fuissett
529 239 930 306 indignissimum
974 259 1126 309 porro
1171 243 1447 304 videretur,
1492 246 1761 299 circumest

283 333 490 369 ventum
538 338 634 369 esse
678 322 999 370 innocentem
1044 325 1295 390 pecunia:
1343 325 1476 375 hanc
1519 326 1722 378 deinde<

283 402 618 475 suspicionem
652 414 855 467 augeret
887 403 1072 451 Staieni
1095 405 1388 472 improbitas
1408 419 1459 455 et
1482 409 1704 458 nonnul·
1749 402 1751 406 ¹

282 483 450 531 lorum
484 484 589 531 eius
621 483 864 531 similium
897 483 1126 533 iudicum
1170 486 1461 554 turpitudox
1504 506 1704 539 causam

282 578 450 612 autem
497 577 663 631 ageret
710 567 761 611 L.
801 565 1097 627 Quinctius,
1131 566 1281 616 homo
1314 586 1477 634 quum
1507 567 1728 619 summa5

284 656 524 710 potestate
549 643 816 712 praeditus,
855 658 965 694 tum
997 645 1062 694 ad
1095 645 1478 698 inflammandos
1510 651 1702 701 animos

283 725 628 775 multitudinis
657 726 1081 775 accommodatus:
1115 745 1361 777 summam
1394 730 1471 778 illi
1513 729 1702 780 iudicio

284 806 527 855 invidiam
563 808 924 873 infamiamque
956 825 1052 856 esse
1086 808 1367 862 conflatam.
1445 812 1611 881 Atque
1643 811 1701 861 in

281 888 414 935 hanc
447 888 702 937 flammam
738 902 986 936 recentem
1017 901 1125 937 tum
1158 890 1207 937 G.
1242 890 1464 950 Iunium,
1495 892 1586 958 qui
1621 893 1700 941 illi

281 970 561 1035 quaestioni
594 971 901 1037 praefuerat,
938 972 1185 1020 iniectum
1233 989 1331 1020 esse
1375 973 1607 1033 memini,
1649 986 1755 1024 etm

278 1052 426 1099 illum
461 1051 719 1100 hominem
763 1051 1082 1114 aedilicium,
1129 1054 1231 1101 iam
1263 1057 1549 1102 Praetorem
1594 1055 1701 1123 opi—

277 1132 517 1180 nionibus
550 1133 818 1182 hominum
845 1136 1190 1193 constitutum,
1213 1153 1317 1183 non
1344 1135 1700 1203 disceptatione

277 1212 505 1271 dicendi,
527 1214 610 1262 sed
645 1217 860 1264 clamore
894 1215 956 1264 de
991 1216 1100 1265 foro
1132 1229 1284 1284 atque
1316 1217 1440 1269 adeo
1472 1217 1535 1266 de
1566 1217 1697 1267 civi-

277 1306 377 1342 tate
410 1312 508 1343 esse
539 1296 810 1348 sublatum.

405 1376 582 1442 Neque
615 1394 694 1424 me
727 1379 952 1445 poenitet
973 1378 1070 1426 hoo
1094 1390 1318 1446 tempore
1349 1379 1529 1446 potius,
1543 1390 1753 1447 quam15

270 1456 379 1514 illo,
418 1474 617 1512 causam
651 1461 706 1506 A.
751 1458 974 1507 Cluentii
1009 1456 1289 1506 defendere.
1358 1459 1515 1507 Causa
1559 1459 1699 1507 enim

269 1550 441 1586 manet
488 1537 687 1596 eadem,
736 1556 866 1604 quae
911 1539 1098 1586 mutari
1144 1540 1288 1587 nullo
1323 1536 1472 1586 modo
1506 1549 1696 1606 potest:

269 1621 507 1686 temporis
541 1605 784 1686 iniquitas
817 1631 969 1686 atque
1003 1618 1192 1667 invidia
1229 1620 1437 1680 recessit,
1460 1631 1532 1674 ut,
1557 1617 1698 1685 quod

268 1701 325 1748 in
359 1691 582 1767 tempore
618 1701 737 1748 mali
771 1700 895 1758 fuit,
933 1698 1065 1747 nihil
1100 1699 1252 1749 obsite
1287 1699 1426 1768 quod
1460 1699 1514 1747 in
1550 1716 1695 1748 causa

266 1781 387 1830 boni
439 1781 563 1839 fuit,
609 1781 777 1848 prosit.
845 1784 1022 1846 Itaque
1079 1798 1219 1829 nunc
1269 1779 1755 1847 quemadmodumzu

267 1862 458 1921 audiar,
481 1862 653 1920 sentio,
681 1877 785 1910 n'on
803 1861 952 1910 modo
967 1863 1030 1908 ab
1048 1862 1118 1920 iis,
1134 1881 1354 1928 quorum
1367 1862 1615 1911 iudicium
1637 1880 1696 1911 ac

265 1956 478 2020 potestas
522 1955 618 2001 est,
668 1942 753 1994 sed
797 1943 949 1990 etiam
994 1943 1057 1990 ab
1106 1943 1206 1994 illis
1238 1961 1460 2010 quorum
1494 1955 1695 1993 tantum

371 2086 410 2125 9.
439 2086 519 2110 om.
551 2079 636 2117 tum
797 2073 853 2112 13.
883 2071 953 2113 sed
981 2070 1153 2113 clamore
1182 2070 1390 2115 hominum
1524 2069 1585 2115 15.
1615 2069 1692 2115 hoc

368 2127 498 2179 potius
526 2133 703 2178 tempore
826 2139 893 2164 21.
923 2133 1041 2178 atque
1069 2133 1239 2179 potestas

355 2250 386 2282 5.
420 2248 457 2280 L.
507 2259 572 2281 om.
599 2249 667 2281 AB
803 2248 836 2281 6.
870 2245 1054 2290 praeditus
1092 2257 1157 2279 om.
1186 2246 1261 2278 AB
1398 2244 1691 2281 inflammandum

262 2293 391 2333 ikld‘t·
530 2307 559 2337 7.
596 2294 836 2327 commodatus
873 2292 1105 2339 abcmpqa
1215 2293 1272 2324 illi
1318 2290 1453 2325 iudicio
1517 2290 1691 2325 iuvidiam

255 2342 327 2375 AB
353 2339 429 2375 cod.
461 2342 494 2374 S.
523 2341 611 2373 Vict.
637 2343 664 2372 θ·
685 2349 718 2373 ει
740 2341 838 2384 vulg.
934 2339 989 2371 illi
1016 2338 1125 2371 invid.
1173 2336 1490 2383 Βαβγδεζηις
1560 2338 1688 2372 habito

259 2387 326 2422 illo
351 2386 486 2430 judicio
522 2388 592 2419 inv.
619 2386 693 2420 cod.
719 2386 837 2419 Lamb.
932 2396 1101 2421 summam
1124 2384 1225 2416 illam
1256 2385 1325 2418 inv.
1349 2383 1442 2423 Pall.
1479 2395 1504 2417 ι.
1530 2383 1562 2428 4.
1655 2396 1690 2431 9.

260 2439 439 2466 recentem
479 2438 552 2464 tum
602 2432 666 2465 ΒΔ
680 2433 755 2478 efg
767 2431 903 2465 stikla
921 2440 1115 2476 opt-stay
1129 2429 1210 2472 δ’ζη
1225 2430 1244 2469 ξ
1361 2435 1541 2463 recentem
1601 2429 1654 2463 ab
1668 2441 1689 2466 c

258 2491 372 2523 mgw
396 2480 494 2523 vulg.
571 2486 748 2511 recentem
774 2491 838 2511 om.
867 2476 989 2511 addito
1015 2483 1088 2510 tum
1136 2478 1167 2510 A
1218 2488 1267 2510 ιο.
1294 2486 1369 2511 esse
1406 2476 1580 2514 iniectum
1619 2477 1690 2513 AB

261 2527 314 2561 13.
342 2525 501 2560 discendi
527 2534 699 2571 oprstu
793 2524 856 2556 sed
883 2524 1038 2557 clamore
1066 2524 1137 2558 AB
1239 2521 1299 2555 sed
1323 2522 1476 2556 clamore
1499 2521 1687 2555 hominum

255 2571 330 2606 Bo
474 2572 524 2605 15.
560 2577 720 2614 tempore
768 2571 888 2614 potius
923 2571 995 2602 AB
1085 2574 1161 2614 pot,
1184 2573 1292 2612 temp.
1337 2569 1410 2602 Ro
1525 2573 1689 2613 tempore

257 2628 322 2650 om.
352 2627 374 2647 α
511 2628 558 2660 ι7.
586 2616 733 2664 mutari]
761 2616 877 2650 iuvari
903 2627 961 2655 ας
1115 2617 1167 2653 18.
1195 2612 1318 2661 atque]
1346 2625 1385 2654 ac
1408 2623 1426 2649 ε
1564 2625 1618 2655 ai.
1645 2624 1688 2655 ac

257 2661 681 2710 ABdesghpqrsta
713 2675 735 2704 ς
829 2668 936 2707 atque
966 2663 1038 2701 110
1254 2663 1257 2666 ’
1316 2662 1321 2666 ’
