<?xml version="1.0" encoding="UTF-8"?>
<!DOCTYPE html PUBLIC "-//W3C//DTD XHTML 1.0 Transitional//EN"
    "http://www.w3.org/TR/xhtml1/DTD/xhtml1-transitional.dtd">
<html xmlns="http://www.w3.org/1999/xhtml" xml:lang="en" lang="en">
 <head>
  <title>
</title>
<meta http-equiv="Content-Type" content="text/html;charset=utf-8" />
  <meta name='ocr-system' content='tesseract 3.04.00' />
  <meta name='ocr-capabilities' content='ocr_page ocr_carea ocr_par ocr_line ocrx_word'/>
</head>
<body>
  <div class='ocr_page' id='page_1' title='image "./procluentiolatin00ciceuoft/procluentiolatin00ciceuoft_0191.png"; bbox 0 0 1846 3178; ppageno 0'>
   <div class='ocr_carea' id='block_1_1' title="bbox 668 146 1517 198">
    <p class='ocr_par' dir='ltr' id='par_1_1' title="bbox 668 146 1517 198">
     <span class='ocr_line' id='line_1_1' title="bbox 668 146 1517 198; baseline -0.008 -6"><span class='ocrx_word' id='word_1_1' title='bbox 668 146 910 192; x_wconf 56' lang='lat' dir='ltr'><strong>&gt;carrum⁶</strong></span> <span class='ocrx_word' id='word_1_2' title='bbox 1424 150 1517 198; x_wconf 67' lang='lat'><strong>265</strong></span> 
     </span>
    </p>
   </div>
   <div class='ocr_carea' id='block_1_2' title="bbox 67 263 1550 2770">
    <p class='ocr_par' dir='ltr' id='par_1_2' title="bbox 69 263 1520 406">
     <span class='ocr_line' id='line_1_2' title="bbox 71 263 1520 335; baseline -0.01 -13"><span class='ocrx_word' id='word_1_3' title='bbox 71 278 353 335; x_wconf 66' lang='lat' dir='ltr'><strong>Qppinpieum</strong></span> <span class='ocrx_word' id='word_1_4' title='bbox 385 284 479 319; x_wconf 71' lang='lat' dir='ltr'><strong>mox</strong></span> <span class='ocrx_word' id='word_1_5' title='bbox 522 275 564 316; x_wconf 81' lang='lat' dir='ltr'><strong>in</strong></span> <span class='ocrx_word' id='word_1_6' title='bbox 614 263 707 314; x_wconf 68' lang='lat' dir='ltr'><strong>foro</strong></span> <span class='ocrx_word' id='word_1_7' title='bbox 735 273 989 314; x_wconf 84' lang='lat' dir='ltr'><strong>Larinatium</strong></span> <span class='ocrx_word' id='word_1_8' title='bbox 1029 266 1257 311; x_wconf 75' lang='lat' dir='ltr'><strong>versantem</strong></span> <span class='ocrx_word' id='word_1_9' title='bbox 1293 265 1520 321; x_wconf 76' lang='lat' dir='ltr'><strong>videamus,</strong></span> 
     </span>
     <span class='ocr_line' id='line_1_3' title="bbox 69 342 892 406; baseline -0.011 -13"><span class='ocrx_word' id='word_1_10' title='bbox 69 342 268 406; x_wconf 63' lang='lat' dir='ltr'><strong>&#39;pmfoetio</strong></span> <span class='ocrx_word' id='word_1_11' title='bbox 295 351 381 404; x_wconf 65' lang='lat' dir='ltr'><strong>eius</strong></span> <span class='ocrx_word' id='word_1_12' title='bbox 406 354 514 388; x_wconf 75' lang='lat' dir='ltr'><strong>certe</strong></span> <span class='ocrx_word' id='word_1_13' title='bbox 545 345 760 386; x_wconf 82' lang='lat' dir='ltr'><strong>indicanda</strong></span> <span class='ocrx_word' id='word_1_14' title='bbox 790 353 892 385; x_wconf 86' lang='lat' dir='ltr'><strong>erat.</strong></span> 
     </span>
    </p>

    <p class='ocr_par' dir='ltr' id='par_1_3' title="bbox 67 406 1529 904">
     <span class='ocr_line' id='line_1_4' title="bbox 178 406 1524 477; baseline -0.01 -15"><span class='ocrx_word' id='word_1_15' title='bbox 178 420 267 477; x_wconf 54' lang='lat'><strong>²82</strong></span> <span class='ocrx_word' id='word_1_16' title='bbox 289 434 334 476; x_wconf 83' lang='lat'><strong>9.</strong></span> <span class='ocrx_word' id='word_1_17' title='bbox 365 428 448 461; x_wconf 79' lang='lat' dir='ltr'><strong>tum</strong></span> <span class='ocrx_word' id='word_1_18' title='bbox 478 411 709 473; x_wconf 54' lang='lat' dir='ltr'><strong>suffragiis]</strong></span> <span class='ocrx_word' id='word_1_19' title='bbox 766 417 1034 457; x_wconf 87' lang='lat' dir='ltr'><strong>Discessimus</strong></span> <span class='ocrx_word' id='word_1_20' title='bbox 1057 413 1102 454; x_wconf 91' lang='lat' dir='ltr'><strong>h.</strong></span> <span class='ocrx_word' id='word_1_21' title='bbox 1138 412 1170 453; x_wconf 93' lang='lat' dir='ltr'><strong>l.</strong></span> <span class='ocrx_word' id='word_1_22' title='bbox 1199 413 1241 452; x_wconf 91' lang='lat' dir='ltr'><strong>in</strong></span> <span class='ocrx_word' id='word_1_23' title='bbox 1268 406 1421 450; x_wconf 81' lang='lat' dir='ltr'><strong>leviore</strong></span> <span class='ocrx_word' id='word_1_24' title='bbox 1451 425 1524 450; x_wconf 83' lang='lat' dir='ltr'><strong>va-</strong></span> 
     </span>
     <span class='ocr_line' id='line_1_5' title="bbox 73 481 1525 548; baseline -0.009 -12"><span class='ocrx_word' id='word_1_25' title='bbox 73 496 223 547; x_wconf 44' lang='lat' dir='ltr'><strong>riante</strong></span> <span class='ocrx_word' id='word_1_26' title='bbox 241 493 294 535; x_wconf 76' lang='lat' dir='ltr'><strong>ab</strong></span> <span class='ocrx_word' id='word_1_27' title='bbox 321 493 481 548; x_wconf 87' lang='lat' dir='ltr'><strong>optimis</strong></span> <span class='ocrx_word' id='word_1_28' title='bbox 507 491 627 532; x_wconf 89' lang='lat' dir='ltr'><strong>codd.</strong></span> <span class='ocrx_word' id='word_1_29' title='bbox 660 490 730 545; x_wconf 89' lang='lat' dir='ltr'><strong>qui</strong></span> <span class='ocrx_word' id='word_1_30' title='bbox 759 504 848 530; x_wconf 80' lang='lat' dir='ltr'><strong>cum</strong></span> <span class='ocrx_word' id='word_1_31' title='bbox 888 487 1002 543; x_wconf 75' lang='lat' dir='ltr'><em>⁸¹ff‘·</em></span> <span class='ocrx_word' id='word_1_32' title='bbox 1038 485 1243 536; x_wconf 84' lang='lat' dir='ltr'>exhibent,</span> <span class='ocrx_word' id='word_1_33' title='bbox 1271 483 1384 538; x_wconf 93' lang='lat' dir='ltr'><strong>quod</strong></span> <span class='ocrx_word' id='word_1_34' title='bbox 1425 481 1525 523; x_wconf 84' lang='lat' dir='ltr'><strong>olim</strong></span> 
     </span>
     <span class='ocr_line' id='line_1_6' title="bbox 67 561 1525 621; baseline -0.01 -14"><span class='ocrx_word' id='word_1_35' title='bbox 67 566 268 617; x_wconf 60' lang='lat' dir='ltr'><strong>Gruterus</strong></span> <span class='ocrx_word' id='word_1_36' title='bbox 299 563 514 621; x_wconf 73' lang='lat' dir='ltr'><strong>probavitz</strong></span> <span class='ocrx_word' id='word_1_37' title='bbox 543 563 612 603; x_wconf 91' lang='lat' dir='ltr'><strong>sed</strong></span> <span class='ocrx_word' id='word_1_38' title='bbox 624 562 864 617; x_wconf 83' lang='lat' dir='ltr'>praepositio</span> <span class='ocrx_word' id='word_1_39' title='bbox 880 561 946 599; x_wconf 84' lang='lat' dir='ltr'><strong>vix</strong></span> <span class='ocrx_word' id='word_1_40' title='bbox 969 566 1074 599; x_wconf 76' lang='lat' dir='ltr'><strong>stare</strong></span> <span class='ocrx_word' id='word_1_41' title='bbox 1102 564 1262 612; x_wconf 83' lang='lat' dir='ltr'><strong>potest3</strong></span> <span class='ocrx_word' id='word_1_42' title='bbox 1296 569 1402 595; x_wconf 87' lang='lat' dir='ltr'><strong>nova</strong></span> <span class='ocrx_word' id='word_1_43' title='bbox 1421 562 1525 594; x_wconf 87' lang='lat' dir='ltr'><strong>tem-·</strong></span> 
     </span>
     <span class='ocr_line' id='line_1_7' title="bbox 69 626 1526 693; baseline -0.01 -14"><span class='ocrx_word' id='word_1_44' title='bbox 69 638 178 693; x_wconf 56' lang='lat' dir='ltr'><strong>gum</strong></span> <span class='ocrx_word' id='word_1_45' title='bbox 211 636 394 677; x_wconf 84' lang='lat' dir='ltr'><strong>definitio</strong></span> <span class='ocrx_word' id='word_1_46' title='bbox 442 636 563 676; x_wconf 87' lang='lat' dir='ltr'><strong>etiam</strong></span> <span class='ocrx_word' id='word_1_47' title='bbox 603 641 694 688; x_wconf 83' lang='lat' dir='ltr'><strong>post</strong></span> <span class='ocrx_word' id='word_1_48' title='bbox 719 632 790 672; x_wconf 87' lang='lat' dir='ltr'><strong>illa</strong></span> <span class='ocrx_word' id='word_1_49' title='bbox 832 634 877 672; x_wconf 87' lang='lat' dir='ltr'><strong>in</strong></span> <span class='ocrx_word' id='word_1_50' title='bbox 925 629 1138 670; x_wconf 77' lang='lat' dir='ltr'><em>discordiis</em></span> <span class='ocrx_word' id='word_1_51' title='bbox 1175 626 1376 675; x_wconf 77' lang='lat' dir='ltr'><strong>civitatis,</strong></span> <span class='ocrx_word' id='word_1_52' title='bbox 1422 636 1526 680; x_wconf 81' lang='lat' dir='ltr'><strong>quae</strong></span> 
     </span>
     <span class='ocr_line' id='line_1_8' title="bbox 73 699 1526 763; baseline -0.01 -12"><span class='ocrx_word' id='word_1_53' title='bbox 73 709 207 753; x_wconf 70' lang='lat' dir='ltr'><strong>matus</strong></span> <span class='ocrx_word' id='word_1_54' title='bbox 236 708 430 763; x_wconf 84' lang='lat' dir='ltr'><strong>temporis</strong></span> <span class='ocrx_word' id='word_1_55' title='bbox 459 707 636 762; x_wconf 90' lang='lat' dir='ltr'><strong>spatium</strong></span> <span class='ocrx_word' id='word_1_56' title='bbox 664 702 1015 759; x_wconf 86' lang='lat' dir='ltr'><strong>complectuntur,</strong></span> <span class='ocrx_word' id='word_1_57' title='bbox 1049 701 1101 741; x_wconf 87' lang='lat' dir='ltr'><strong>ad</strong></span> <span class='ocrx_word' id='word_1_58' title='bbox 1130 699 1366 753; x_wconf 84' lang='lat' dir='ltr'>explendam</span> <span class='ocrx_word' id='word_1_59' title='bbox 1399 711 1526 751; x_wconf 83' lang='lat' dir='ltr'><strong>oppo-</strong></span> 
     </span>
     <span class='ocr_line' id='line_1_9' title="bbox 69 771 1529 834; baseline -0.009 -13"><span class='ocrx_word' id='word_1_60' title='bbox 69 779 256 832; x_wconf 58' lang='lat' dir='ltr'><strong>sitionem</strong></span> <span class='ocrx_word' id='word_1_61' title='bbox 270 810 284 832; x_wconf 80' lang='lat'>,</span> <span class='ocrx_word' id='word_1_62' title='bbox 313 793 440 834; x_wconf 87' lang='lat' dir='ltr'><strong>quum</strong></span> <span class='ocrx_word' id='word_1_63' title='bbox 469 777 755 833; x_wconf 87' lang='lat' dir='ltr'><strong>praecesserint</strong></span> <span class='ocrx_word' id='word_1_64' title='bbox 781 774 905 814; x_wconf 87' lang='lat' dir='ltr'><strong>haec:</strong></span> <span class='ocrx_word' id='word_1_65' title='bbox 940 773 998 812; x_wconf 84' lang='lat' dir='ltr'><strong>ad</strong></span> <span class='ocrx_word' id='word_1_66' title='bbox 1026 785 1148 828; x_wconf 84' lang='lat' dir='ltr'><strong>quam</strong></span> <span class='ocrx_word' id='word_1_67' title='bbox 1171 783 1292 825; x_wconf 81' lang='lat' dir='ltr'><strong>saepe</strong></span> <span class='ocrx_word' id='word_1_68' title='bbox 1319 771 1529 825; x_wconf 68' lang='lat' dir='ltr'><strong>perductus</strong></span> 
     </span>
     <span class='ocr_line' id='line_1_10' title="bbox 70 849 651 904; baseline -0.009 -12"><span class='ocrx_word' id='word_1_69' title='bbox 70 858 185 904; x_wconf 79' lang='lat' dir='ltr'><strong>erat,</strong></span> <span class='ocrx_word' id='word_1_70' title='bbox 217 852 444 892; x_wconf 83' lang='lat' dir='ltr'><strong>necessaria</strong></span> <span class='ocrx_word' id='word_1_71' title='bbox 471 849 651 890; x_wconf 70' lang='lat' dir='ltr'><strong>videtur·-</strong></span> 
     </span>
    </p>

    <p class='ocr_par' dir='ltr' id='par_1_4' title="bbox 73 912 1537 1337">
     <span class='ocr_line' id='line_1_11' title="bbox 187 912 1532 975; baseline -0.008 -12"><span class='ocrx_word' id='word_1_72' title='bbox 187 934 252 962; x_wconf 60' lang='grc' dir='ltr'><strong>παι</strong></span> <span class='ocrx_word' id='word_1_73' title='bbox 283 935 333 963; x_wconf 84' lang='lat' dir='ltr'><strong>ac</strong></span> <span class='ocrx_word' id='word_1_74' title='bbox 359 929 442 960; x_wconf 86' lang='lat' dir='ltr'><strong>tum</strong></span> <span class='ocrx_word' id='word_1_75' title='bbox 462 921 506 959; x_wconf 87' lang='lat' dir='ltr'><strong>in</strong></span> <span class='ocrx_word' id='word_1_76' title='bbox 533 917 756 975; x_wconf 80' lang='lat' dir='ltr'><em>Oppianici</em></span> <span class='ocrx_word' id='word_1_77' title='bbox 785 913 923 970; x_wconf 70' lang='lat' dir='ltr'><strong>causa]</strong></span> <span class='ocrx_word' id='word_1_78' title='bbox 956 923 1039 953; x_wconf 81' lang='lat' dir='ltr'><strong>tum</strong></span> <span class='ocrx_word' id='word_1_79' title='bbox 1075 912 1233 966; x_wconf 85' lang='lat' dir='ltr'><strong>saepius</strong></span> <span class='ocrx_word' id='word_1_80' title='bbox 1254 912 1295 951; x_wconf 88' lang='lat' dir='ltr'><strong>in</strong></span> <span class='ocrx_word' id='word_1_81' title='bbox 1314 912 1390 952; x_wconf 90' lang='lat' dir='ltr'><strong>hac</strong></span> <span class='ocrx_word' id='word_1_82' title='bbox 1408 914 1532 952; x_wconf 81' lang='lat' dir='ltr'><strong>orati-</strong></span> 
     </span>
     <span class='ocr_line' id='line_1_12' title="bbox 78 984 1534 1045; baseline -0.01 -10"><span class='ocrx_word' id='word_1_83' title='bbox 78 1008 158 1041; x_wconf 78' lang='lat' dir='ltr'><strong>one</strong></span> <span class='ocrx_word' id='word_1_84' title='bbox 183 994 241 1042; x_wconf 75' lang='lat' dir='ltr'><strong>sic</strong></span> <span class='ocrx_word' id='word_1_85' title='bbox 271 991 382 1032; x_wconf 89' lang='lat' dir='ltr'><strong>nude</strong></span> <span class='ocrx_word' id='word_1_86' title='bbox 409 991 587 1045; x_wconf 91' lang='lat' dir='ltr'><strong>positum</strong></span> <span class='ocrx_word' id='word_1_87' title='bbox 615 990 666 1029; x_wconf 89' lang='lat' dir='ltr'><strong>ad</strong></span> <span class='ocrx_word' id='word_1_88' title='bbox 695 990 912 1028; x_wconf 87' lang='lat' dir='ltr'><strong>Iunianum</strong></span> <span class='ocrx_word' id='word_1_89' title='bbox 945 985 1153 1035; x_wconf 86' lang='lat' dir='ltr'><strong>iudicium,</strong></span> <span class='ocrx_word' id='word_1_90' title='bbox 1184 999 1266 1039; x_wconf 92' lang='lat' dir='ltr'><strong>quo</strong></span> <span class='ocrx_word' id='word_1_91' title='bbox 1282 984 1534 1038; x_wconf 79' lang='lat' dir='ltr'><strong>Oppianicus</strong></span> 
     </span>
     <span class='ocr_line' id='line_1_13' title="bbox 73 1056 1535 1123; baseline -0.012 -14"><span class='ocrx_word' id='word_1_92' title='bbox 73 1067 364 1123; x_wconf 72' lang='lat' dir='ltr'><strong>condemnatus</strong></span> <span class='ocrx_word' id='word_1_93' title='bbox 392 1071 494 1112; x_wconf 81' lang='lat' dir='ltr'><strong>erat,</strong></span> <span class='ocrx_word' id='word_1_94' title='bbox 518 1070 559 1103; x_wconf 88' lang='lat' dir='ltr'><strong>et</strong></span> <span class='ocrx_word' id='word_1_95' title='bbox 585 1063 700 1102; x_wconf 88' lang='lat' dir='ltr'><strong>cuius</strong></span> <span class='ocrx_word' id='word_1_96' title='bbox 726 1061 882 1101; x_wconf 87' lang='lat' dir='ltr'><strong>invidia</strong></span> <span class='ocrx_word' id='word_1_97' title='bbox 912 1060 1084 1099; x_wconf 87' lang='lat' dir='ltr'><strong>maxime</strong></span> <span class='ocrx_word' id='word_1_98' title='bbox 1112 1056 1344 1096; x_wconf 80' lang='lat' dir='ltr'><strong>Cluentium</strong></span> <span class='ocrx_word' id='word_1_99' title='bbox 1377 1069 1535 1109; x_wconf 84' lang='lat' dir='ltr'><strong>preme-</strong></span> 
     </span>
     <span class='ocr_line' id='line_1_14' title="bbox 78 1128 1537 1192; baseline -0.01 -13"><span class='ocrx_word' id='word_1_100' title='bbox 78 1138 179 1192; x_wconf 83' lang='lat' dir='ltr'><strong>bat,</strong></span> <span class='ocrx_word' id='word_1_101' title='bbox 211 1135 469 1178; x_wconf 75' lang='lat' dir='ltr'><strong>referendum</strong></span> <span class='ocrx_word' id='word_1_102' title='bbox 509 1141 598 1186; x_wconf 88' lang='lat' dir='ltr'><strong>est,</strong></span> <span class='ocrx_word' id='word_1_103' title='bbox 645 1133 731 1173; x_wconf 85' lang='lat' dir='ltr'><strong>vid.</strong></span> <span class='ocrx_word' id='word_1_104' title='bbox 766 1147 803 1172; x_wconf 87' lang='lat' dir='ltr'><strong>c.</strong></span> <span class='ocrx_word' id='word_1_105' title='bbox 836 1147 898 1181; x_wconf 79' lang='lat'><strong>12,</strong></span> <span class='ocrx_word' id='word_1_106' title='bbox 934 1130 1013 1183; x_wconf 62' lang='lat'><strong>34:</strong></span> <span class='ocrx_word' id='word_1_107' title='bbox 1044 1145 1145 1187; x_wconf 78' lang='lat' dir='ltr'><strong>quae</strong></span> <span class='ocrx_word' id='word_1_108' title='bbox 1179 1138 1259 1168; x_wconf 78' lang='lat' dir='ltr'><strong>tum</strong></span> <span class='ocrx_word' id='word_1_109' title='bbox 1295 1142 1351 1167; x_wconf 74' lang='lat' dir='ltr'><strong>ex</strong></span> <span class='ocrx_word' id='word_1_110' title='bbox 1393 1128 1537 1166; x_wconf 70' lang='lat' dir='ltr'><strong>tabulis</strong></span> 
     </span>
     <span class='ocr_line' id='line_1_15' title="bbox 79 1199 1536 1268; baseline -0.008 -19"><span class='ocrx_word' id='word_1_111' title='bbox 79 1207 303 1268; x_wconf 70' lang='lat' dir='ltr'><strong>Oppianici</strong></span> <span class='ocrx_word' id='word_1_112' title='bbox 339 1206 621 1246; x_wconf 80' lang='lat' dir='ltr'><strong>recitabantur.</strong></span> <span class='ocrx_word' id='word_1_113' title='bbox 648 1219 686 1245; x_wconf 89' lang='lat' dir='ltr'><strong>c.</strong></span> <span class='ocrx_word' id='word_1_114' title='bbox 727 1205 810 1257; x_wconf 70' lang='lat'><strong>14,</strong></span> <span class='ocrx_word' id='word_1_115' title='bbox 842 1203 928 1256; x_wconf 72' lang='lat'><strong>40:</strong></span> <span class='ocrx_word' id='word_1_116' title='bbox 981 1203 1029 1243; x_wconf 86' lang='lat' dir='ltr'><strong>id</strong></span> <span class='ocrx_word' id='word_1_117' title='bbox 1060 1201 1169 1258; x_wconf 77' lang='lat' dir='ltr'><strong>quod</strong></span> <span class='ocrx_word' id='word_1_118' title='bbox 1210 1201 1336 1255; x_wconf 77' lang='lat' dir='ltr'><strong>ipsius</strong></span> <span class='ocrx_word' id='word_1_119' title='bbox 1392 1199 1536 1238; x_wconf 74' lang='lat' dir='ltr'><strong>tabulis</strong></span> 
     </span>
     <span class='ocr_line' id='line_1_16' title="bbox 73 1281 600 1337; baseline -0.013 -13"><span class='ocrx_word' id='word_1_120' title='bbox 73 1289 159 1337; x_wconf 63' lang='lat' dir='ltr'><strong>mm</strong></span> <span class='ocrx_word' id='word_1_121' title='bbox 191 1290 249 1322; x_wconf 71' lang='lat' dir='ltr'><strong>est</strong></span> <span class='ocrx_word' id='word_1_122' title='bbox 270 1281 600 1322; x_wconf 79' lang='lat' dir='ltr'><strong>demonstratum.</strong></span> 
     </span>
    </p>

    <p class='ocr_par' dir='ltr' id='par_1_5' title="bbox 76 1342 1550 2770">
     <span class='ocr_line' id='line_1_17' title="bbox 173 1342 1534 1406; baseline -0.007 -13"><span class='ocrx_word' id='word_1_123' title='bbox 173 1350 261 1406; x_wconf 65' lang='lat'><strong>¹14.</strong></span> <span class='ocrx_word' id='word_1_124' title='bbox 292 1352 505 1406; x_wconf 80' lang='lat' dir='ltr'><strong>alligatum</strong></span> <span class='ocrx_word' id='word_1_125' title='bbox 541 1348 767 1406; x_wconf 83' lang='lat' dir='ltr'><strong>Oppianici</strong></span> <span class='ocrx_word' id='word_1_126' title='bbox 802 1362 945 1387; x_wconf 84' lang='lat' dir='ltr'><strong>nomen</strong></span> <span class='ocrx_word' id='word_1_127' title='bbox 975 1344 1177 1402; x_wconf 80' lang='lat' dir='ltr'><strong>primum]</strong></span> <span class='ocrx_word' id='word_1_128' title='bbox 1234 1345 1296 1385; x_wconf 93' lang='lat' dir='ltr'><strong>De</strong></span> <span class='ocrx_word' id='word_1_129' title='bbox 1325 1345 1404 1383; x_wconf 86' lang='lat' dir='ltr'><strong>hoc</strong></span> <span class='ocrx_word' id='word_1_130' title='bbox 1430 1342 1534 1395; x_wconf 61' lang='lat' dir='ltr'><strong>loco,</strong></span> 
     </span>
     <span class='ocr_line' id='line_1_18' title="bbox 77 1416 1540 1481; baseline -0.007 -16"><span class='ocrx_word' id='word_1_131' title='bbox 77 1438 160 1481; x_wconf 83' lang='lat' dir='ltr'><strong>quo</strong></span> <span class='ocrx_word' id='word_1_132' title='bbox 197 1424 323 1480; x_wconf 82' lang='lat' dir='ltr'><strong>vulgo</strong></span> <span class='ocrx_word' id='word_1_133' title='bbox 368 1422 581 1477; x_wconf 80' lang='lat' dir='ltr'><strong>legebatur</strong></span> <span class='ocrx_word' id='word_1_134' title='bbox 626 1427 698 1460; x_wconf 85' lang='lat' dir='ltr'><strong>aut</strong></span> <span class='ocrx_word' id='word_1_135' title='bbox 731 1420 836 1459; x_wconf 79' lang='lat' dir='ltr'><strong>inter</strong></span> <span class='ocrx_word' id='word_1_136' title='bbox 876 1420 1069 1472; x_wconf 81' lang='lat' dir='ltr'><strong>allegatos</strong></span> <span class='ocrx_word' id='word_1_137' title='bbox 1108 1424 1179 1457; x_wconf 82' lang='lat' dir='ltr'><strong>aut</strong></span> <span class='ocrx_word' id='word_1_138' title='bbox 1223 1417 1328 1457; x_wconf 84' lang='lat' dir='ltr'><strong>inter</strong></span> <span class='ocrx_word' id='word_1_139' title='bbox 1355 1416 1540 1469; x_wconf 75' lang='lat' dir='ltr'><strong>alligatos</strong></span> 
     </span>
     <span class='ocr_line' id='line_1_19' title="bbox 83 1487 1540 1555; baseline -0.007 -19"><span class='ocrx_word' id='word_1_140' title='bbox 83 1496 196 1555; x_wconf 85' lang='lat' dir='ltr'><strong>Opp.</strong></span> <span class='ocrx_word' id='word_1_141' title='bbox 226 1503 309 1535; x_wconf 86' lang='lat' dir='ltr'><strong>tres</strong></span> <span class='ocrx_word' id='word_1_142' title='bbox 349 1501 443 1534; x_wconf 88' lang='lat' dir='ltr'><strong>sunt</strong></span> <span class='ocrx_word' id='word_1_143' title='bbox 464 1493 704 1548; x_wconf 84' lang='lat' dir='ltr'><strong>praecipuae</strong></span> <span class='ocrx_word' id='word_1_144' title='bbox 729 1493 996 1545; x_wconf 82' lang='lat' dir='ltr'><strong>interpretum</strong></span> <span class='ocrx_word' id='word_1_145' title='bbox 1038 1488 1283 1529; x_wconf 85' lang='lat' dir='ltr'><strong>sententiae:</strong></span> <span class='ocrx_word' id='word_1_146' title='bbox 1318 1501 1401 1527; x_wconf 89' lang='lat' dir='ltr'><strong>una</strong></span> <span class='ocrx_word' id='word_1_147' title='bbox 1431 1487 1540 1527; x_wconf 91' lang='lat' dir='ltr'><strong>Tur-</strong></span> 
     </span>
     <span class='ocr_line' id='line_1_20' title="bbox 76 1559 1534 1617; baseline -0.008 -9"><span class='ocrx_word' id='word_1_148' title='bbox 76 1566 174 1608; x_wconf 85' lang='lat' dir='ltr'><strong>nebi</strong></span> <span class='ocrx_word' id='word_1_149' title='bbox 203 1564 378 1607; x_wconf 85' lang='lat' dir='ltr'><strong>Advers.</strong></span> <span class='ocrx_word' id='word_1_150' title='bbox 407 1565 473 1613; x_wconf 92' lang='lat' dir='ltr'><strong>V,</strong></span> <span class='ocrx_word' id='word_1_151' title='bbox 505 1565 573 1604; x_wconf 81' lang='lat'><strong>23.</strong></span> <span class='ocrx_word' id='word_1_152' title='bbox 605 1563 677 1617; x_wconf 89' lang='lat' dir='ltr'><strong>qui</strong></span> <span class='ocrx_word' id='word_1_153' title='bbox 706 1563 879 1602; x_wconf 85' lang='lat' dir='ltr'><strong>sormam</strong></span> <span class='ocrx_word' id='word_1_154' title='bbox 907 1562 1092 1614; x_wconf 83' lang='lat' dir='ltr'><strong>alligatos</strong></span> <span class='ocrx_word' id='word_1_155' title='bbox 1119 1559 1414 1599; x_wconf 79' lang='lat' dir='ltr'><strong>restituendam</strong></span> <span class='ocrx_word' id='word_1_156' title='bbox 1439 1573 1534 1599; x_wconf 84' lang='lat' dir='ltr'><strong>cen-</strong></span> 
     </span>
     <span class='ocr_line' id='line_1_21' title="bbox 77 1630 1540 1691; baseline -0.008 -10"><span class='ocrx_word' id='word_1_157' title='bbox 77 1640 191 1691; x_wconf 76' lang='lat' dir='ltr'><strong>suit,</strong></span> <span class='ocrx_word' id='word_1_158' title='bbox 240 1644 296 1678; x_wconf 67' lang='lat' dir='ltr'><strong>ut,</strong></span> <span class='ocrx_word' id='word_1_159' title='bbox 323 1635 565 1690; x_wconf 74' lang='lat' dir='ltr'><strong>significaret</strong></span> <span class='ocrx_word' id='word_1_160' title='bbox 607 1634 747 1689; x_wconf 78' lang='lat' dir='ltr'><strong>culpae</strong></span> <span class='ocrx_word' id='word_1_161' title='bbox 774 1630 942 1684; x_wconf 82' lang='lat' dir='ltr'><strong>affinis,</strong></span> <span class='ocrx_word' id='word_1_162' title='bbox 990 1634 1095 1670; x_wconf 88' lang='lat' dir='ltr'><strong>inter</strong></span> <span class='ocrx_word' id='word_1_163' title='bbox 1141 1645 1243 1684; x_wconf 91' lang='lat' dir='ltr'><strong>quos</strong></span> <span class='ocrx_word' id='word_1_164' title='bbox 1288 1631 1540 1684; x_wconf 78' lang='lat' dir='ltr'><strong>Oppianicus</strong></span> 
     </span>
     <span class='ocr_line' id='line_1_22' title="bbox 77 1702 1541 1764; baseline -0.007 -11"><span class='ocrx_word' id='word_1_165' title='bbox 77 1709 223 1754; x_wconf 84' lang='lat' dir='ltr'><strong>Avillii</strong></span> <span class='ocrx_word' id='word_1_166' title='bbox 247 1708 398 1749; x_wconf 84' lang='lat' dir='ltr'><strong>iudicio</strong></span> <span class='ocrx_word' id='word_1_167' title='bbox 424 1706 578 1764; x_wconf 80' lang='lat' dir='ltr'><strong>primus</strong></span> <span class='ocrx_word' id='word_1_168' title='bbox 610 1712 712 1745; x_wconf 88' lang='lat' dir='ltr'><strong>esset</strong></span> <span class='ocrx_word' id='word_1_169' title='bbox 739 1703 904 1744; x_wconf 83' lang='lat' dir='ltr'><strong>relatus.</strong></span> <span class='ocrx_word' id='word_1_170' title='bbox 948 1704 1069 1743; x_wconf 89' lang='lat' dir='ltr'><strong>Hunc</strong></span> <span class='ocrx_word' id='word_1_171' title='bbox 1095 1702 1317 1742; x_wconf 83' lang='lat' dir='ltr'><strong>Lambinus</strong></span> <span class='ocrx_word' id='word_1_172' title='bbox 1348 1710 1541 1757; x_wconf 79' lang='lat' dir='ltr'><strong>sequutus</strong></span> 
     </span>
     <span class='ocr_line' id='line_1_23' title="bbox 79 1775 1541 1834; baseline -0.006 -10"><span class='ocrx_word' id='word_1_173' title='bbox 79 1791 140 1824; x_wconf 85' lang='lat' dir='ltr'><strong>est</strong></span> <span class='ocrx_word' id='word_1_174' title='bbox 159 1814 172 1834; x_wconf 92' lang='lat'>‚</span> <span class='ocrx_word' id='word_1_175' title='bbox 202 1783 246 1822; x_wconf 87' lang='lat' dir='ltr'><strong>in</strong></span> <span class='ocrx_word' id='word_1_176' title='bbox 272 1780 386 1821; x_wconf 85' lang='lat' dir='ltr'><strong>cuius</strong></span> <span class='ocrx_word' id='word_1_177' title='bbox 413 1779 587 1819; x_wconf 85' lang='lat' dir='ltr'><strong>editione</strong></span> <span class='ocrx_word' id='word_1_178' title='bbox 619 1778 706 1831; x_wconf 90' lang='lat' dir='ltr'><strong>ipso</strong></span> <span class='ocrx_word' id='word_1_179' title='bbox 732 1776 862 1816; x_wconf 87' lang='lat' dir='ltr'><strong>invito</strong></span> <span class='ocrx_word' id='word_1_180' title='bbox 903 1775 1028 1816; x_wconf 79' lang='lat' dir='ltr'><strong>verba</strong></span> <span class='ocrx_word' id='word_1_181' title='bbox 1073 1776 1177 1814; x_wconf 83' lang='lat' dir='ltr'><strong>inter</strong></span> <span class='ocrx_word' id='word_1_182' title='bbox 1208 1775 1398 1828; x_wconf 78' lang='lat' dir='ltr'><strong>alligatos</strong></span> <span class='ocrx_word' id='word_1_183' title='bbox 1436 1777 1541 1815; x_wconf 82' lang='lat' dir='ltr'><strong>exci-</strong></span> 
     </span>
     <span class='ocr_line' id='line_1_24' title="bbox 80 1845 1540 1900; baseline -0.006 -5"><span class='ocrx_word' id='word_1_184' title='bbox 80 1855 248 1895; x_wconf 85' lang='lat' dir='ltr'><strong>derunt.</strong></span> <span class='ocrx_word' id='word_1_185' title='bbox 307 1850 449 1892; x_wconf 79' lang='lat' dir='ltr'><strong>Altera</strong></span> <span class='ocrx_word' id='word_1_186' title='bbox 488 1850 592 1889; x_wconf 88' lang='lat' dir='ltr'><strong>ratio</strong></span> <span class='ocrx_word' id='word_1_187' title='bbox 630 1855 690 1888; x_wconf 88' lang='lat' dir='ltr'><strong>est</strong></span> <span class='ocrx_word' id='word_1_188' title='bbox 719 1847 753 1887; x_wconf 91' lang='grc' dir='ltr'><strong>Ι.</strong></span> <span class='ocrx_word' id='word_1_189' title='bbox 786 1848 858 1891; x_wconf 84' lang='lat' dir='ltr'><strong>Fr.</strong></span> <span class='ocrx_word' id='word_1_190' title='bbox 885 1847 1084 1887; x_wconf 85' lang='lat' dir='ltr'><strong>Gronovii</strong></span> <span class='ocrx_word' id='word_1_191' title='bbox 1123 1845 1175 1885; x_wconf 86' lang='lat' dir='ltr'><strong>ad</strong></span> <span class='ocrx_word' id='word_1_192' title='bbox 1211 1846 1305 1886; x_wconf 85' lang='lat' dir='ltr'><strong>Liv.</strong></span> <span class='ocrx_word' id='word_1_193' title='bbox 1335 1847 1540 1900; x_wconf 83' lang='lat' dir='ltr'><strong>XXXVI,</strong></span> 
     </span>
     <span class='ocr_line' id='line_1_25' title="bbox 87 1917 1543 1978; baseline -0.004 -13"><span class='ocrx_word' id='word_1_194' title='bbox 87 1940 171 1974; x_wconf 85' lang='lat'>11.,</span> <span class='ocrx_word' id='word_1_195' title='bbox 213 1936 338 1978; x_wconf 87' lang='lat' dir='ltr'><strong>quam</strong></span> <span class='ocrx_word' id='word_1_196' title='bbox 379 1923 578 1962; x_wconf 88' lang='lat' dir='ltr'><strong>Gruterus</strong></span> <span class='ocrx_word' id='word_1_197' title='bbox 606 1926 646 1959; x_wconf 86' lang='lat' dir='ltr'><strong>et</strong></span> <span class='ocrx_word' id='word_1_198' title='bbox 689 1917 901 1958; x_wconf 83' lang='lat' dir='ltr'><strong>Ernestius</strong></span> <span class='ocrx_word' id='word_1_199' title='bbox 942 1917 1115 1972; x_wconf 85' lang='lat' dir='ltr'><strong>amplexi</strong></span> <span class='ocrx_word' id='word_1_200' title='bbox 1154 1924 1278 1957; x_wconf 83' lang='lat' dir='ltr'><strong>sunt:</strong></span> <span class='ocrx_word' id='word_1_201' title='bbox 1323 1917 1391 1959; x_wconf 80' lang='lat' dir='ltr'><strong>ille</strong></span> <span class='ocrx_word' id='word_1_202' title='bbox 1432 1923 1543 1962; x_wconf 88' lang='lat' dir='ltr'><strong>enim</strong></span> 
     </span>
     <span class='ocr_line' id='line_1_26' title="bbox 79 1990 1545 2047; baseline -0.003 -9"><span class='ocrx_word' id='word_1_203' title='bbox 79 1996 208 2038; x_wconf 78' lang='lat' dir='ltr'><strong>&#39;verba</strong></span> <span class='ocrx_word' id='word_1_204' title='bbox 235 1997 340 2036; x_wconf 74' lang='lat' dir='ltr'><strong>inter</strong></span> <span class='ocrx_word' id='word_1_205' title='bbox 367 1994 570 2047; x_wconf 79' lang='lat' dir='ltr'><strong>allegatos,</strong></span> <span class='ocrx_word' id='word_1_206' title='bbox 589 2003 697 2046; x_wconf 86' lang='lat' dir='ltr'><strong>quae</strong></span> <span class='ocrx_word' id='word_1_207' title='bbox 725 1997 877 2040; x_wconf 81' lang='lat' dir='ltr'><strong>tuetur,</strong></span> <span class='ocrx_word' id='word_1_208' title='bbox 909 2005 1004 2030; x_wconf 90' lang='lat' dir='ltr'><strong>cum</strong></span> <span class='ocrx_word' id='word_1_209' title='bbox 1036 1990 1163 2030; x_wconf 85' lang='lat' dir='ltr'><strong>verbo</strong></span> <span class='ocrx_word' id='word_1_210' title='bbox 1192 1991 1394 2031; x_wconf 81' lang='lat' dir='ltr'><em>constabat</em></span> <span class='ocrx_word' id='word_1_211' title='bbox 1424 2007 1545 2036; x_wconf 86' lang='lat' dir='ltr'><strong>sensu.</strong></span> 
     </span>
     <span class='ocr_line' id='line_1_27' title="bbox 81 2063 1543 2118; baseline -0.003 -8"><span class='ocrx_word' id='word_1_212' title='bbox 81 2075 192 2110; x_wconf 77' lang='lat' dir='ltr'><strong>arcte</strong></span> <span class='ocrx_word' id='word_1_213' title='bbox 218 2067 438 2115; x_wconf 83' lang='lat' dir='ltr'><strong>coniunxit,</strong></span> <span class='ocrx_word' id='word_1_214' title='bbox 456 2071 496 2104; x_wconf 84' lang='lat' dir='ltr'><strong>et</strong></span> <span class='ocrx_word' id='word_1_215' title='bbox 523 2064 712 2117; x_wconf 83' lang='lat' dir='ltr'><strong>allegatos</strong></span> <span class='ocrx_word' id='word_1_216' title='bbox 740 2077 814 2116; x_wconf 85' lang='lat' dir='ltr'><strong>pro</strong></span> <span class='ocrx_word' id='word_1_217' title='bbox 845 2063 893 2102; x_wconf 86' lang='lat' dir='ltr'><strong>iis</strong></span> <span class='ocrx_word' id='word_1_218' title='bbox 922 2063 1091 2116; x_wconf 80' lang='lat' dir='ltr'><strong>accepit,</strong></span> <span class='ocrx_word' id='word_1_219' title='bbox 1116 2066 1186 2118; x_wconf 86' lang='lat' dir='ltr'><strong>qui</strong></span> <span class='ocrx_word' id='word_1_220' title='bbox 1215 2066 1436 2105; x_wconf 87' lang='lat' dir='ltr'><strong>testimonii</strong></span> <span class='ocrx_word' id='word_1_221' title='bbox 1471 2081 1543 2106; x_wconf 91' lang='lat' dir='ltr'><strong>co-</strong></span> 
     </span>
     <span class='ocr_line' id='line_1_28' title="bbox 82 2133 1543 2198; baseline -0.003 -16"><span class='ocrx_word' id='word_1_222' title='bbox 82 2139 303 2198; x_wconf 73' lang='lat' dir='ltr'><strong>gnoscendi</strong></span> <span class='ocrx_word' id='word_1_223' title='bbox 335 2151 457 2178; x_wconf 85' lang='lat' dir='ltr'><strong>causa</strong></span> <span class='ocrx_word' id='word_1_224' title='bbox 484 2151 509 2176; x_wconf 84' lang='lat' dir='ltr'><strong>a</strong></span> <span class='ocrx_word' id='word_1_225' title='bbox 537 2135 738 2175; x_wconf 87' lang='lat' dir='ltr'><strong>iudicibus</strong></span> <span class='ocrx_word' id='word_1_226' title='bbox 768 2134 820 2174; x_wconf 88' lang='lat' dir='ltr'><strong>ad</strong></span> <span class='ocrx_word' id='word_1_227' title='bbox 847 2133 1043 2174; x_wconf 85' lang='lat' dir='ltr'><strong>Avillium</strong></span> <span class='ocrx_word' id='word_1_228' title='bbox 1074 2136 1183 2175; x_wconf 89' lang='lat' dir='ltr'><strong>missi</strong></span> <span class='ocrx_word' id='word_1_229' title='bbox 1214 2145 1361 2177; x_wconf 83' lang='lat' dir='ltr'><strong>essent.</strong></span> <span class='ocrx_word' id='word_1_230' title='bbox 1402 2139 1543 2178; x_wconf 85' lang='lat' dir='ltr'><strong>Tertia</strong></span> 
     </span>
     <span class='ocr_line' id='line_1_29' title="bbox 86 2204 1545 2266; baseline -0.003 -14"><span class='ocrx_word' id='word_1_231' title='bbox 86 2211 262 2266; x_wconf 87' lang='lat' dir='ltr'><strong>denique</strong></span> <span class='ocrx_word' id='word_1_232' title='bbox 289 2209 343 2249; x_wconf 86' lang='lat' dir='ltr'><strong>ab</strong></span> <span class='ocrx_word' id='word_1_233' title='bbox 372 2207 531 2249; x_wconf 87' lang='lat' dir='ltr'><strong>Orellio</strong></span> <span class='ocrx_word' id='word_1_234' title='bbox 561 2205 751 2257; x_wconf 82' lang='lat' dir='ltr'><strong>affertur,</strong></span> <span class='ocrx_word' id='word_1_235' title='bbox 791 2204 862 2259; x_wconf 85' lang='lat' dir='ltr'><strong>qui</strong></span> <span class='ocrx_word' id='word_1_236' title='bbox 891 2206 1016 2246; x_wconf 80' lang='lat' dir='ltr'><strong>verba</strong></span> <span class='ocrx_word' id='word_1_237' title='bbox 1047 2207 1152 2246; x_wconf 80' lang='lat' dir='ltr'><strong>incer</strong></span> <span class='ocrx_word' id='word_1_238' title='bbox 1179 2209 1372 2263; x_wconf 80' lang='lat' dir='ltr'><strong>allegatos</strong></span> <span class='ocrx_word' id='word_1_239' title='bbox 1403 2225 1475 2251; x_wconf 84' lang='lat' dir='ltr'><strong>rm</strong></span> <span class='ocrx_word' id='word_1_240' title='bbox 1477 2226 1545 2251; x_wconf 77' lang='lat' dir='ltr'><strong>sus</strong></span> 
     </span>
     <span class='ocr_line' id='line_1_30' title="bbox 90 2276 1545 2337; baseline -0.001 -13"><span class='ocrx_word' id='word_1_241' title='bbox 90 2282 144 2324; x_wconf 78' lang='lat' dir='ltr'><strong>ad</strong></span> <span class='ocrx_word' id='word_1_242' title='bbox 182 2281 287 2322; x_wconf 89' lang='lat' dir='ltr'><strong>illud</strong></span> <span class='ocrx_word' id='word_1_243' title='bbox 319 2280 503 2337; x_wconf 83' lang='lat' dir='ltr'><strong>primum</strong></span> <span class='ocrx_word' id='word_1_244' title='bbox 547 2277 767 2334; x_wconf 85' lang='lat' dir='ltr'><strong>Oppianici</strong></span> <span class='ocrx_word' id='word_1_245' title='bbox 795 2291 935 2316; x_wconf 88' lang='lat' dir='ltr'><strong>nomen</strong></span> <span class='ocrx_word' id='word_1_246' title='bbox 964 2276 1117 2329; x_wconf 81' lang='lat' dir='ltr'><strong>trahit,</strong></span> <span class='ocrx_word' id='word_1_247' title='bbox 1146 2279 1217 2318; x_wconf 89' lang='lat' dir='ltr'><strong>sed</strong></span> <span class='ocrx_word' id='word_1_248' title='bbox 1245 2281 1325 2320; x_wconf 84' lang='lat' dir='ltr'><strong>alle</strong></span> <span class='ocrx_word' id='word_1_249' title='bbox 1331 2291 1442 2335; x_wconf 80' lang='lat' dir='ltr'><strong>gatos</strong></span> <span class='ocrx_word' id='word_1_250' title='bbox 1477 2297 1545 2324; x_wconf 86' lang='lat' dir='ltr'><strong>eos</strong></span> 
     </span>
     <span class='ocr_line' id='line_1_31' title="bbox 85 2347 1546 2407; baseline -0.005 -11"><span class='ocrx_word' id='word_1_251' title='bbox 85 2367 170 2396; x_wconf 79' lang='lat' dir='ltr'><strong>esse</strong></span> <span class='ocrx_word' id='word_1_252' title='bbox 211 2353 461 2407; x_wconf 80' lang='lat' dir='ltr'><strong>suspicatur,</strong></span> <span class='ocrx_word' id='word_1_253' title='bbox 510 2351 582 2405; x_wconf 85' lang='lat' dir='ltr'><strong>qui</strong></span> <span class='ocrx_word' id='word_1_254' title='bbox 630 2349 682 2389; x_wconf 82' lang='lat' dir='ltr'><strong>ad</strong></span> <span class='ocrx_word' id='word_1_255' title='bbox 731 2347 932 2388; x_wconf 86' lang='lat' dir='ltr'><strong>Avillium</strong></span> <span class='ocrx_word' id='word_1_256' title='bbox 969 2347 1021 2388; x_wconf 90' lang='lat' dir='ltr'><strong>de</strong></span> <span class='ocrx_word' id='word_1_257' title='bbox 1050 2349 1277 2391; x_wconf 84' lang='lat' dir='ltr'><strong>occidendo</strong></span> <span class='ocrx_word' id='word_1_258' title='bbox 1307 2353 1464 2395; x_wconf 66' lang='lat' dir='ltr'><strong>Asuvio</strong></span> <span class='ocrx_word' id='word_1_259' title='bbox 1493 2356 1546 2395; x_wconf 78' lang='lat' dir='ltr'><strong>ab</strong></span> 
     </span>
     <span class='ocr_line' id='line_1_32' title="bbox 85 2419 1547 2481; baseline 0 -13"><span class='ocrx_word' id='word_1_260' title='bbox 85 2426 312 2481; x_wconf 85' lang='lat' dir='ltr'><strong>Oppianico</strong></span> <span class='ocrx_word' id='word_1_261' title='bbox 340 2423 526 2463; x_wconf 83' lang='lat' dir='ltr'><strong>adornati</strong></span> <span class='ocrx_word' id='word_1_262' title='bbox 554 2423 647 2462; x_wconf 85' lang='lat' dir='ltr'><strong>sint.</strong></span> <span class='ocrx_word' id='word_1_263' title='bbox 715 2420 795 2461; x_wconf 86' lang='lat' dir='ltr'><strong>Sed</strong></span> <span class='ocrx_word' id='word_1_264' title='bbox 825 2419 903 2460; x_wconf 83' lang='lat' dir='ltr'><strong>hoe</strong></span> <span class='ocrx_word' id='word_1_265' title='bbox 931 2422 1083 2460; x_wconf 78' lang='lat' dir='ltr'><strong>nemini</strong></span> <span class='ocrx_word' id='word_1_266' title='bbox 1124 2421 1240 2462; x_wconf 82' lang='lat' dir='ltr'><strong>facile</strong></span> <span class='ocrx_word' id='word_1_267' title='bbox 1270 2427 1547 2480; x_wconf 68' lang='lat' dir='ltr'><strong>persuadebit,</strong></span> 
     </span>
     <span class='ocr_line' id='line_1_33' title="bbox 86 2493 1548 2554; baseline -0.005 -14"><span class='ocrx_word' id='word_1_268' title='bbox 86 2512 216 2554; x_wconf 86' lang='lat' dir='ltr'><strong>quum</strong></span> <span class='ocrx_word' id='word_1_269' title='bbox 242 2495 495 2552; x_wconf 87' lang='lat' dir='ltr'><strong>Oppianicus</strong></span> <span class='ocrx_word' id='word_1_270' title='bbox 524 2494 633 2534; x_wconf 84' lang='lat' dir='ltr'><strong>solus</strong></span> <span class='ocrx_word' id='word_1_271' title='bbox 661 2494 786 2533; x_wconf 87' lang='lat' dir='ltr'><strong>totius</strong></span> <span class='ocrx_word' id='word_1_272' title='bbox 823 2493 979 2534; x_wconf 90' lang='lat' dir='ltr'><strong>consilii</strong></span> <span class='ocrx_word' id='word_1_273' title='bbox 1007 2501 1150 2534; x_wconf 84' lang='lat' dir='ltr'><strong>auctor</strong></span> <span class='ocrx_word' id='word_1_274' title='bbox 1186 2496 1323 2537; x_wconf 84' lang='lat' dir='ltr'><strong>fuerit.</strong></span> <span class='ocrx_word' id='word_1_275' title='bbox 1385 2501 1548 2540; x_wconf 79' lang='lat' dir='ltr'><strong>Grono-</strong></span> 
     </span>
     <span class='ocr_line' id='line_1_34' title="bbox 90 2566 1550 2628; baseline -0.001 -15"><span class='ocrx_word' id='word_1_276' title='bbox 90 2573 149 2613; x_wconf 78' lang='lat' dir='ltr'><strong>vii</strong></span> <span class='ocrx_word' id='word_1_277' title='bbox 186 2572 290 2611; x_wconf 76' lang='lat' dir='ltr'><strong>ratio</strong></span> <span class='ocrx_word' id='word_1_278' title='bbox 334 2583 418 2609; x_wconf 91' lang='lat' dir='ltr'><strong>non</strong></span> <span class='ocrx_word' id='word_1_279' title='bbox 462 2567 587 2622; x_wconf 85' lang='lat' dir='ltr'><strong>magis</strong></span> <span class='ocrx_word' id='word_1_280' title='bbox 619 2566 785 2622; x_wconf 82' lang='lat' dir='ltr'><strong>placet,</strong></span> <span class='ocrx_word' id='word_1_281' title='bbox 833 2568 928 2621; x_wconf 82' lang='lat' dir='ltr'><strong>quia</strong></span> <span class='ocrx_word' id='word_1_282' title='bbox 956 2567 1012 2606; x_wconf 89' lang='lat' dir='ltr'><strong>sic</strong></span> <span class='ocrx_word' id='word_1_283' title='bbox 1045 2567 1266 2622; x_wconf 83' lang='lat' dir='ltr'><strong>Oppianici</strong></span> <span class='ocrx_word' id='word_1_284' title='bbox 1296 2585 1438 2612; x_wconf 86' lang='lat' dir='ltr'><strong>nomen</strong></span> <span class='ocrx_word' id='word_1_285' title='bbox 1457 2575 1550 2628; x_wconf 77' lang='lat' dir='ltr'><strong>pri-</strong></span> 
     </span>
     <span class='ocr_line' id='line_1_35' title="bbox 90 2639 1548 2692; baseline -0.005 -8"><span class='ocrx_word' id='word_1_286' title='bbox 90 2655 198 2684; x_wconf 84' lang='lat' dir='ltr'><strong>mum</strong></span> <span class='ocrx_word' id='word_1_287' title='bbox 225 2656 304 2682; x_wconf 76' lang='lat' dir='ltr'><strong>esse</strong></span> <span class='ocrx_word' id='word_1_288' title='bbox 329 2640 449 2682; x_wconf 83' lang='lat' dir='ltr'><strong>valde</strong></span> <span class='ocrx_word' id='word_1_289' title='bbox 477 2639 648 2681; x_wconf 85' lang='lat' dir='ltr'><strong>obscure</strong></span> <span class='ocrx_word' id='word_1_290' title='bbox 676 2639 829 2679; x_wconf 88' lang='lat' dir='ltr'><strong>dictum</strong></span> <span class='ocrx_word' id='word_1_291' title='bbox 858 2639 978 2679; x_wconf 85' lang='lat' dir='ltr'><strong>foret.-</strong></span> <span class='ocrx_word' id='word_1_292' title='bbox 1038 2639 1085 2678; x_wconf 92' lang='lat' dir='ltr'><strong>ln</strong></span> <span class='ocrx_word' id='word_1_293' title='bbox 1117 2640 1247 2692; x_wconf 81' lang='lat' dir='ltr'><strong>prima</strong></span> <span class='ocrx_word' id='word_1_294' title='bbox 1276 2650 1411 2683; x_wconf 81' lang='lat' dir='ltr'><strong>autem</strong></span> <span class='ocrx_word' id='word_1_295' title='bbox 1455 2658 1548 2685; x_wconf 82' lang='lat' dir='ltr'><strong>sen..</strong></span> 
     </span>
     <span class='ocr_line' id='line_1_36' title="bbox 87 2711 1550 2770; baseline 0.001 -16"><span class='ocrx_word' id='word_1_296' title='bbox 87 2712 214 2755; x_wconf 82' lang='lat' dir='ltr'><strong>tentia</strong></span> <span class='ocrx_word' id='word_1_297' title='bbox 242 2727 325 2755; x_wconf 89' lang='lat' dir='ltr'><strong>non</strong></span> <span class='ocrx_word' id='word_1_298' title='bbox 354 2713 497 2754; x_wconf 88' lang='lat' dir='ltr'><strong>dubito</strong></span> <span class='ocrx_word' id='word_1_299' title='bbox 528 2711 579 2752; x_wconf 90' lang='lat' dir='ltr'><strong>de</strong></span> <span class='ocrx_word' id='word_1_300' title='bbox 607 2712 934 2767; x_wconf 83' lang='lat' dir='ltr'><strong>interpretatione</strong></span> <span class='ocrx_word' id='word_1_301' title='bbox 965 2711 1078 2751; x_wconf 85' lang='lat' dir='ltr'><strong>verbi</strong></span> <span class='ocrx_word' id='word_1_302' title='bbox 1108 2713 1291 2765; x_wconf 62' lang='lat' dir='ltr'><strong>all1&#39;gare5</strong></span> <span class='ocrx_word' id='word_1_303' title='bbox 1324 2728 1427 2770; x_wconf 84' lang='lat' dir='ltr'><strong>quae</strong></span> <span class='ocrx_word' id='word_1_304' title='bbox 1447 2731 1550 2757; x_wconf 76' lang='lat' dir='ltr'><strong>non-=</strong></span> 
     </span>
    </p>
   </div>
  </div>
 </body>
</html>
