1846 3178
1439 156 1559 189 xxm

119 287 122 290 ’
164 271 211 313 «R
264 268 411 324 reliqui
450 268 611 311 codices
648 277 804 325 praeter
843 283 911 310 eos
929 298 941 322 ‚
986 282 1086 323 quos
1113 270 1257 324 quovis
1287 268 1376 310 loco
1403 283 1565 310 enume-

118 376 165 396 ’νἸ
192 377 235 394 ψ’
263 359 457 400 ''vimus-

116 479 122 492 .,
172 445 223 486 Ο·
270 445 471 486 editiones
503 452 623 486 notae
649 458 803 485 omnes.

106 531 218 590 vulga
258 534 406 574 :maior
431 533 659 574 editionum
687 548 780 588 pars
801 564 814 587 ,
853 536 1070 590 praecipue
1107 532 1300 575 editiones
1337 532 1500 574 Gruteri
1526 540 1567 574 et

254 602 375 676 ssquae
400 629 643 676 sequuntur.

217 707 378 749 Horum
415 709 621 764 signorum
659 723 736 749 usu
773 716 898 750 totam
928 710 1109 750 lectionis
1140 710 1372 750 varietatem
1399 709 1455 749 ita
1483 707 1564 749 dis-

109 796 320 852 posuimus
335 826 354 846 ,
405 804 455 850 nt
471 797 532 843 ‚ad
568 811 656 837 eam
684 805 869 838 accurate
898 796 1213 852 cognoscendam
1253 796 1355 836 nihil
1393 795 1566 837 difficul-

107 874 203 926 tatis
232 891 304 926 aut
329 883 591 925 dubitationis
618 898 826 938 superesse
858 899 1079 939 speremus.
1150 885 1362 936 Quantum
1389 884 1431 923 in
1461 898 1567 925 nova

110 974 344 1014 recensione
386 972 634 1013 restituenda
669 972 985 1027 praestiterimus
1002 1002 1014 1020 ‚
1061 974 1244 1027 apposita
1281 972 1432 1027 ubique
1460 973 1566 1013 inter

107 1067 339 1103 contextum
367 1067 408 1102 et
433 1062 670 1102 varietatem
698 1069 833 1102 vetere
861 1061 1060 1115 scriptura
1073 1090 1085 1111 ,
1128 1073 1252 1116 quam
1298 1060 1563 1112 deseruimus,

107 1149 330 1190 indicatum
358 1155 434 1189 est.

217 1238 358 1279 Restat
414 1244 459 1277 ut
511 1251 639 1292 pauca
695 1235 746 1277 de
801 1236 1112 1292 orthographica
1161 1236 1317 1276 ratione
1366 1234 1564 1289 dicamus,

107 1338 235 1382 qnam
286 1325 331 1365 in
391 1322 603 1364 scribendo
651 1325 872 1378 sequimur.
958 1324 1046 1364 Etsi
1091 1322 1236 1377 cupide
1293 1332 1566 1378 exspectamus

106 1414 365 1469 quaestiones
415 1410 466 1451 de
514 1417 695 1451 veterum
745 1411 946 1451 scribendi
993 1410 1114 1451 modo
1137 1440 1150 1463 ‚
1211 1425 1310 1464 quas
1353 1426 1484 1466 nuper
1523 1427 1567 1453 se

106 1500 319 1543 editurum
359 1498 564 1554 pollicitus
612 1506 671 1539 est
717 1499 778 1539 Cl.
807 1498 1070 1551 Wunderus,
1120 1499 1214 1553 quia
1241 1497 1443 1554 plerisque
1479 1500 1564 1541 eius

107 1588 319 1631 doctrinae
346 1589 530 1644 partibus
568 1603 641 1628 nos
679 1601 844 1642 prorsus
879 1602 1106 1628 assensuros
1138 1601 1220 1627 esse
1258 1595 1365 1628 certe
1391 1589 1558 1630 scimus:

110 1689 195 1719 non
221 1675 376 1733 placuit
403 1683 538 1718 tamen
567 1677 608 1716 in
638 1676 850 1716 scribendo
876 1675 1044 1716 eandem
1083 1675 1191 1714 viam
1226 1681 1388 1727 tenere,
1437 1691 1561 1731 quam

106 1768 196 1823 ipse
223 1766 268 1808 in
299 1765 517 1807 novissima
544 1764 734 1805 orationis
761 1762 1009 1804 Plancianae
1044 1762 1220 1803 editione
1254 1762 1412 1817 ingredi
1441 1778 1562 1804 ausus

105 1860 180 1895 est.
240 1852 452 1894 Credimus
481 1851 685 1892 Ciceronis
712 1857 841 1891 aetate
869 1848 1043 1904 plurima
1070 1850 1127 1890 sic
1166 1864 1251 1890 esse
1291 1852 1463 1906 scripta,
1515 1860 1562 1893 ut

103 1941 174 1984 ille
199 1942 352 1984 edidit:
389 1948 524 1981 tamen
554 1945 739 1980 nostrum
765 1953 847 1978 non
875 1953 959 1979 esse
987 1938 1163 1991 videtur,
1201 1940 1270 1994 qui
1299 1947 1444 1993 quarto
1469 1949 1561 1996 post

103 2036 264 2071 renatas
300 2028 455 2070 litteras
493 2026 628 2068 seculo
672 2027 850 2067 vivimus
869 2056 882 2079 ,
926 2033 1141 2080 postquam
1187 2026 1396 2081 vulgarem
1439 2043 1558 2071 usum

103 2123 167 2158 tot
212 2115 505 2158 immortalium
551 2116 734 2156 virorum
777 2129 900 2169 opera
940 2122 1158 2155 sanxerunt
1179 2144 1191 2162 ‚
1242 2129 1352 2157 nunc
1394 2126 1559 2173 repente

105 2205 186 2248 alio
228 2220 341 2248 more
380 2206 525 2247 Latine
560 2206 735 2246 scribere
774 2206 977 2259 incipere:
1006 2218 1089 2259 quo
1114 2205 1220 2245 facto
1246 2218 1390 2246 vereor
1417 2220 1469 2247 ne
1494 2207 1558 2246 ni-

104 2295 221 2337 nium
267 2296 428 2337 mutata
466 2310 550 2337 esse
591 2295 778 2337 videatur
820 2296 949 2336 forma
981 2303 1022 2336 et
1051 2296 1224 2350 species,
1266 2310 1347 2350 qua
1374 2303 1459 2336 tam
1487 2296 1557 2337 diu

105 2381 318 2424 florentem
335 2379 598 2437 philologiam
627 2380 810 2421 indutam
842 2380 1044 2435 adspicere
1061 2383 1359 2423 consuevimus.
1419 2383 1557 2435 Quare

103 2470 208 2513 nihil
270 2471 543 2512 novavimus:
621 2469 692 2510 sed
758 2469 828 2510 ubi
885 2471 1147 2525 grammatica
1207 2471 1356 2511 diserte
1410 2486 1556 2512 verum

103 2554 250 2609 docet,‘
291 2556 404 2598 velut
432 2557 474 2597 in
516 2557 743 2597 accusativo
780 2556 926 2611 plurali
971 2558 1113 2598 tertiae
1143 2558 1424 2599 declinationis
1451 2561 1493 2599 in
1522 2560 1558 2600 is

103 2643 336 2687 terminanti
366 2646 434 2694 (v.
462 2643 661 2687 Priscian.
689 2645 737 2685 L.
761 2643 859 2687 VII.
890 2661 934 2701 p.
957 2646 1051 2701 755.
1080 2660 1169 2702 sqq.
1200 2646 1288 2703 R),
1317 2663 1556 2705 magnorum

691 2832 708 2846 1
