1846 3178
591 223 703 264 PRO
735 221 791 262 A.
822 219 1125 262 CLUENTIO.
1490 237 1507 267 1
1524 237 1540 266 1
1556 235 1573 267 1

106 275 114 295 ἱ

92 310 115 328 d

135 350 263 415 haee
311 366 470 419 quam
517 347 748 418 primum
789 347 847 398 in
896 345 1064 397 omnis
1108 341 1314 395 ordines
1351 340 1582 410 quaestio

134 431 438 504 gen-feratur.

132 556 142 563 .
190 554 195 560 .
266 513 467 564 Interea
509 511 744 582 quidem,
792 528 886 582 per
912 511 1046 560 Deos
1077 505 1403 559 immortalis!
1457 523 1585 573 quo-

135 595 277 649 niam
326 597 500 647 omnia
541 594 806 646 commoda
846 606 1045 652 nostra,
1101 592 1240 651 iura,
1272 590 1585 648 libertatem,

109 678 350 730 mlutem
382 678 607 747 denique
628 678 824 745 legibus
849 675 1160 733 obtinemus,
1197 692 1225 722 a
1256 672 1452 740 legibus
1478 689 1586 724 non

134 760 459 818 mcedamus;
491 760 642 811 simul
667 772 718 808 et
750 757 882 807 illud
910 775 1065 825 quam
1097 755 1161 804 sit
1191 755 1460 822 iniquum,
1506 772 1587 803 co-

134 844 380 913 gitemus,
435 843 688 913 populum
725 843 1014 889 Romanum
1055 835 1199 886 aliud
1235 854 1378 886 nunc
1414 853 1584 903 agere:

134 926 277 977 vobis
317 943 427 976 rem
465 924 726 994 publicam
755 935 807 971 et
848 921 1081 971 fortunas
1114 936 1226 968 suas
1262 917 1590 972 commisisse:

137 1008 308 1078 ipsum
342 1008 452 1058 sine
481 1025 606 1056 cura
646 1022 768 1055 esse:
806 1022 913 1053 non
950 1014 1203 1061 metuere,
1251 1017 1316 1050 ne
1354 1001 1462 1068 lege
1499 1019 1588 1061 ea,

87 1107 292 1159 mquam
313 1107 601 1157 numquam
632 1087 737 1157 ipse
768 1084 992 1147 iusserit,
1032 1096 1084 1133 et
1120 1083 1441 1151 quaestione,
1480 1102 1588 1152 qua

131 1190 184 1224 ee
210 1173 439 1224 solutum
465 1170 792 1237 liberumque
822 1185 921 1218 esse
942 1166 1246 1226 arbitretur,
1278 1183 1373 1234 per
1398 1185 1586 1236 paucos

133 1254 327 1307 iudices
376 1253 740 1321 adstringatur.
806 1251 925 1318 Agit
972 1249 1112 1299 enim
1157 1248 1228 1298 sie
1277 1267 1479 1298 causam
1525 1251 1584 1298 T.

131 1338 338 1397 AcciuS,
373 1337 663 1388 adolescens
692 1336 859 1386 bonus
896 1345 948 1383 et
980 1332 1220 1383 disertus:
1268 1332 1433 1382 omnis
1466 1333 1588 1384 civis

133 1421 332 1489 legibus
363 1420 524 1470 teneri
559 1419 821 1469 omnibus:
879 1435 964 1467 vos
1003 1415 1266 1467 attenditis
1308 1430 1358 1467 et
1397 1415 1589 1467 auditis

86 1504 360 1565 15silentio‚
391 1505 524 1554 sicut
547 1504 712 1553 faeere
742 1502 946 1552 debetis.
1004 1503 1061 1551 A.
1086 1499 1354 1551 Cluentius
1385 1515 1588 1548 causam

134 1586 454 1656 dicit-eques
498 1589 758 1637 Romanus
797 1604 855 1635 ea
896 1585 1037 1652 lege,
1098 1602 1201 1651 qua
1240 1584 1503 1632 Senatores
1540 1594 1592 1632 et

135 1669 200 1730 ii,
263 1670 357 1740 qui
408 1670 760 1739 magistratum
806 1668 1129 1728 habuerunt,
1186 1666 1278 1716 soli
1319 1677 1587 1717 tenentur:

135 1752 266 1803 mihi
297 1771 390 1823 per
418 1771 540 1804 eum
579 1769 808 1802 recusare
848 1764 900 1801 et
931 1750 987 1800 in
1028 1768 1143 1800 arce
1176 1749 1298 1818 legis
1337 1747 1591 1818 praesidia

134 1835 443 1887 constituere
478 1835 783 1886 defensionis
827 1853 966 1885 meae
1013 1854 1118 1885 non
1158 1835 1288 1884 lieet.
1357 1833 1407 1884 Si
1458 1832 1591 1884 obti-

82 1919 310 1970 2onuerit
349 1938 551 1970 causam
587 1919 880 1979 Cluentius,
916 1917 1084 1981 (sicuti
1127 1929 1291 1978 vestra
1328 1921 1589 1988 aequitate

138 2001 247 2052 nixi
286 2001 637 2065 confidimus,)
690 2020 863 2052 omnes
911 2000 1300 2062 existimabunt,
1327 2002 1400 2052 -id
1448 2003 1591 2072 quod

135 2084 257 2144 erit,
314 2085 593 2135 obtinuisse
645 2099 857 2155 propter
907 2086 1286 2145 innocentiam,
1345 2088 1592 2149 quoniam

136 2166 207 2218 ita
252 2166 485 2218 defensus
521 2168 613 2217 sit:
667 2168 724 2219 in
759 2169 866 2237 lege
904 2181 1100 2228 autem,
1149 2188 1308 2237 quam
1338 2170 1591 2238 attingere

243 2310 283 2355 6.
313 2325 435 2365 quam
457 2312 509 2351 sit
537 2311 746 2365 indignum
920 2312 982 2352 15.
1016 2313 1066 2351 A.
1102 2311 1329 2367 Cluentius,
1361 2328 1479 2368 eques
1508 2315 1589 2355 Ro-

246 2380 416 2419 manus,
446 2381 606 2407 causam
630 2367 729 2406 dicit
929 2367 990 2409 16.
1026 2383 1106 2423 qua
1134 2368 1219 2422 lege

229 2513 264 2549 6.
291 2514 457 2560 iniquum
484 2516 530 2548 Π
553 2522 704 2560 praeter
739 2512 1019 2562 qw37d⁸scry5
1078 2514 1267 2556 indignum
1309 2527 1380 2562 qw
1403 2515 1503 2562 vulg.
1532 2515 1590 2549 ‹li-

137 2569 244 2605 gnum
276 2571 300 2593 α
432 2573 466 2607 9,
492 2561 610 2606 ipsum
639 2573 707 2599 om.
735 2563 782 2594 Jl
801 2570 950 2607 praeter·
971 2561 1253 2610 Βᾳςαγδεζη
1270 2562 1389 2608 ικλμ
1447 2573 1485 2596 se
1510 2564 1591 2597 sine

138 2616 222 2640 cura
247 2608 279 2642 A
439 2620 489 2642 ro.
516 2609 663 2643 iusserit
707 2608 841 2641 vixerit
862 2620 886 2641 α
1036 2621 1084 2643 ιι.
1111 2608 1348 2642 arbitraretur
1373 2611 1418 2643 H
1441 2619 1591 2657 praeter

137 2653 263 2698 ABk,·
281 2653 505 2701 αγδεζλμ
644 2668 696 2690 1,).
723 2666 866 2689 causam
891 2655 982 2690 dicit
1010 2666 1121 2702 eques
1150 2658 1248 2691 Rom.
1274 2657 1346 2691 AB
1383 2668 1493 2703 eques
1523 2659 1592 2691 no-

136 2711 279 2742 manus,
305 2712 447 2737 causam
477 2702 564 2736 dicit
594 2704 664 2737 Ro
801 2704 851 2737 16.
880 2715 950 2750 qua
978 2702 1169 2738 Senatores
1200 2704 1366 2751 Aunv
1418 2715 1489 2750 qua
1511 2705 1590 2747 loge

139 2747 259 2782 Senat.
282 2748 353 2783 Ro
448 2761 500 2786 21.
529 2749 620 2797 nixi]
648 2751 719 2790 nisi
745 2763 769 2783 n
796 2749 902 2786 codd.
931 2751 1050 2787 Lamb.
1080 2763 1101 2783 cs
1166 2762 1289 2787 omnes
1317 2763 1381 2786 om.
1406 2751 1459 2785 cd.
1492 2751 1591 2796 1584,

139 2805 157 2829 ο
169 2805 197 2829 n·
213 2806 232 2841 ρ
249 2807 270 2831 ο·

1617 506 1679 554 57

1610 1251 1688 1295 156
