1846 3178
43 388 77 425 is

1499 172 1588 205 xul

145 293 169 318 ¹⁸
184 292 339 348 11’3'97,
371 303 436 332 ῐι.
469 299 538 332 aut
560 300 820 348 patronorum
1067 302 1115 330 ac
1135 295 1395 343 patronorum

147 394 151 410 τ
199 397 218 417 n
249 379 342 433 108,
391 379 434 423 6.
460 365 714 420 concludatur
738 384 893 429 (antur)
1071 375 1296 418 includatur

144 468 168 494 ³⁰¹
205 485 224 506 n
256 483 271 508 1
285 468 349 518 15,
393 469 434 509 3.
458 470 665 524 potuerint
1060 473 1272 523 potuerunt

142 555 167 588 ³
201 573 219 593 n
249 570 264 598 1
277 556 342 609 16,ι
384 571 425 612 7.
450 571 477 597 a
503 558 709 598 sector-ihm·
1065 554 1115 594 de
1138 552 1340 592 sectoribus

146 648 173 692 ¹1·
213 661 232 681 ’ν
272 667 343 698 —,
383 659 446 700 17.
480 646 668 701 hospitem
1022 682 1027 693 f
1060 641 1258 696 hospitum

147 730 172 756 *
213 748 232 770 1·
258 746 352 786 121,
402 731 442 775 5.
470 732 674 787 adspicere
1062 727 1255 782 respicere

146 845 149 852 ⁴
200 833 222 856 n
251 819 342 869 123,
371 832 436 859 10.
466 819 515 863 L.
549 817 772 872 Quinctium
1067 813 1113 852 C.
1149 812 1404 867 Quinctilium

146 905 169 932 ⁴⁸
206 923 227 947 ιι
252 906 343 957 128,
371 921 385 947 ι
399 921 432 950 ι.
459 915 672 947 ceterorum
1063 911 1101 942 et
1125 910 1338 941 ceterorum

204 1012 223 1032 n
252 996 345 1048 132,
369 1009 431 1050 ¹7·
465 994 523 1035 A.
555 994 725 1034 Aut-ium
1066 990 1238 1031 Aurium

151 1109 155 1111 λ
206 1097 227 1120 1·
254 1082 347 1135 153,
369 1097 432 1123 12.
464 1090 583 1138 atque
1065 1091 1117 1119 ac

147 1168 171 1190 *
211 1185 231 1208 ι
260 1167 353 1222 ι34,
406 1183 443 1210 1.
471 1177 589 1209 antea
1065 1173 1154 1205 ante

260 1347 335 1389 His
366 1349 591 1390 rationibus
619 1347 713 1388 satis
742 1346 988 1401 ponderatis,
1016 1359 1142 1400 quum
1168 1345 1596 1398 praestantissimorum

151 1435 338 1478 codicum
382 1435 479 1476 fides
525 1437 582 1475 ita
620 1435 673 1475 ab
709 1435 818 1474 omni
850 1440 962 1488 parte
992 1433 1148 1472 firmata
1174 1445 1258 1471 esse
1286 1430 1491 1470 videretur
1508 1460 1520 1481 ,
1549 1436 1595 1469 ut

151 1524 424 1565 recensionem
454 1536 596 1562 eorum
612 1552 624 1573 ,
661 1527 858 1574 quantum
887 1521 972 1558 fieri
1002 1525 1156 1573 posset,
1188 1517 1382 1571 integram
1411 1516 1597 1556 exhibere

151 1611 458 1651 constituerem:
489 1607 615 1648 nihilo
649 1608 783 1647 minus
810 1614 944 1646 tamen
977 1606 1097 1645 etiam
1124 1602 1311 1656 vulgatae
1338 1605 1596 1655 recensionis,

153 1697 284 1752 qualis
307 1697 350 1737 in
370 1687 574 1736 codicibus
595 1701 634 1734 et
652 1692 894 1733 editionibus
918 1697 1095 1746 apparet,
1125 1689 1286 1745 plenam
1306 1697 1346 1729 et
1369 1697 1597 1730 accuratam

157 1785 344 1826 notitiam
385 1784 547 1839 adipisci
582 1782 700 1824 valde
748 1781 957 1836 cupiebam
971 1811 984 1831 ,
1033 1787 1079 1819 ut
1116 1778 1375 1833 comparandi
1413 1786 1452 1818 et
1489 1778 1596 1818 iudi-

149 1873 267 1914 candi
305 1872 456 1928 ubique
498 1877 601 1911 esset
638 1869 783 1909 idonea
829 1869 960 1924 copia.
1015 1868 1071 1908 Et
1109 1867 1215 1907 hanc
1241 1881 1403 1921 quoque
1428 1866 1480 1906 ad
1509 1879 1597 1907 rem

148 1963 243 2003 satis
267 1961 399 2016 ampla
428 1960 608 2002 subsidia
636 1966 776 1999 nactus
804 1973 909 1998 sum.
963 1957 1067 1999 Nam
1098 1958 1277 2012 primum
1306 1958 1417 2012 quod
1446 1958 1497 1998 ad
1525 1953 1601 1998 co?

149 2050 258 2092 dices
299 2052 443 2091 attinet
457 2080 470 2104 ,
509 2050 560 2091 ad
599 2064 691 2090 eum
726 2056 965 2104 apparatum
981 2079 994 2102 ,
1035 2062 1156 2103 quem
1194 2063 1240 2089 ex
1281 2048 1396 2089 editis
1424 2048 1596 2088 aliorum

149 2138 430 2179 collationibus
460 2137 646 2193 colligere
673 2138 785 2177 licuit
802 2168 815 2189 ,
843 2138 921 2177 hoc
948 2144 1007 2177 est
1028 2168 1040 2190 ,
1067 2137 1118 2177 ad
1149 2139 1385 2177 varietatem
1412 2137 1594 2177 lectionis

149 2230 241 2267 octo
266 2225 545 2267 Palatinorum
573 2241 597 2266 a
624 2228 799 2267 Grutero
828 2226 1071 2281 negligenter
1102 2234 1392 2281 excerptorum,
1420 2227 1596 2267 duorum

149 2314 334 2356 codicum
352 2348 355 2353 ,
372 2313 560 2363 Francii,
605 2327 708 2368 quos
747 2314 943 2354 Graevius
981 2295 1152 2354 contulit
1169 2345 1180 2364 ,
1211 2315 1431 2369 Regiorum
1461 2314 1594 2356 Lalle-

148 2404 301 2445 mandii
319 2434 332 2457 ,
371 2416 546 2459 quorum
573 2415 765 2441 numerus
791 2402 968 2441 incertus
996 2408 1056 2441 est
1070 2432 1082 2454 ,
1128 2408 1168 2441 et
1206 2414 1271 2442 sex
1302 2402 1591 2442 oxoniensium

148 2491 271 2546 paulo
298 2490 525 2546 diligentius
553 2480 837 2547 inspectorum,
868 2490 1030 2529 accessit
1058 2488 1230 2530 sedecim
1261 2490 1594 2531 Florentinorum

149 2577 345 2630 codicum,
378 2586 537 2634 praeter
579 2577 800 2632 principem
827 2575 958 2625 illum,
988 2592 1011 2616 a
1038 2578 1340 2633 Lagomarsinio
1377 2577 1592 2618 accuratis-

149 2666 248 2708 sime
271 2668 455 2709 instituta
480 2665 658 2719 collatio,
689 2671 728 2705 et
769 2664 888 2704 unius
916 2664 1191 2717 Monacensis,
1235 2663 1355 2719 quciii
1382 2663 1463 2704 i'ina
1500 2667 1598 2704 cum'
