1846 3178
592 159 704 199 PRo
753 157 806 198 A.
853 157 1148 198 ommno,
1527 167 1593 231 69

153 300 215 335 ex
271 278 414 353 parte
469 300 588 331 cum
649 294 796 331 causa
853 283 1078 332 Cluentii
1136 295 1400 350 vestroque
1459 285 1594 334 iudi-

152 364 233 416 cio
291 364 565 414 coniuncta
616 381 716 413 esse
775 365 941 434 possit.
1019 365 1187 430 Quid,
1243 365 1383 432 quod
1439 369 1591 417 Staie-
1619 389 1674 430 99

153 464 251 498 nus
283 458 356 496 est
389 445 787 496 condemnatus?
819 449 934 497 Non
968 447 1080 497 dico
1113 447 1210 497 hoc
1245 461 1481 516 tempore,
1518 450 1594 499 iu-

153 526 314 588 dices,
348 527 401 577 id
435 528 578 597 quod
612 530 780 579 nescio
817 549 882 579 an
916 529 1018 578 dici
1042 543 1282 599 oporteat,
1316 532 1464 579 illum
1491 551 1595 580 ma-

125 610 337 661 Siaetatis
367 628 467 661 esse
499 611 915 661 condemnatum:
961 631 1069 661 non
1103 614 1259 662 recito
1309 614 1594 664 testimonia

151 692 424 743 hominum
484 693 978 753 honestissimorum,
1037 713 1168 761 quae
1227 697 1282 744 in
1335 696 1597 746 Staienum

154 787 277 825 sunt
310 774 445 825 dicta
479 776 543 824 ab
578 776 667 834 iis,
700 776 792 844 qui
815 777 882 824 M.
906 775 1143 831 Aemilio,
1178 777 1451 826 clarissimo
1470 779 1593 839 viro,

149 858 303 927 legati
350 871 403 908 et
453 858 694 928 praefecti
738 871 788 908 et
834 859 1032 907 tribuni
1078 859 1321 907 militares
1353 861 1594 929 fuerunt:

149 958 374 1009 quorum
408 940 705 990 testimoniis
739 941 954 1008 planum
998 940 1191 1002 factum
1236 954 1331 999 est,
1379 945 1598 994 maxime

101 1022 260 1073 meius
292 1040 471 1092 opera,
505 1040 670 1090 quum
706 1023 954 1086 Quaestor
987 1035 1132 1081 esset,
1182 1023 1235 1071 in
1271 1025 1493 1074 exercitu
1526 1045 1597 1075 se-

147 1103 396 1154 ditionem
427 1121 526 1154 esse
558 1104 844 1154 conflatam.
909 1106 983 1153 Ne
1019 1105 1107 1153 illa
1141 1104 1351 1172 quidem
1377 1108 1599 1158 testimo-

149 1185 237 1235 nia
301 1185 479 1244 recito,
524 1203 657 1253 quae
703 1185 839 1235 dicta
879 1199 1023 1244 sunt,
1082 1186 1146 1234 de
1187 1189 1278 1236 HS
1304 1206 1419 1250 1003
1464 1209 1601 1257 quae

148 1266 238 1316 ille
269 1285 434 1335 quum
469 1268 736 1336 accepisset
769 1268 980 1318 nomine
1014 1267 1193 1317 iudicii
1229 1271 1497 1329 Safiniani,
1535 1272 1600 1320 si-

149 1361 239 1400 cut
283 1350 340 1399 in
384 1350 660 1420 Oppianici
709 1349 901 1400 iudicio
945 1363 1143 1419 postea,
1194 1352 1400 1401 reticuit
1444 1366 1602 1421 atque

101 1433 435 1502 15suppressit.
484 1433 679 1482 Omitto
713 1445 764 1481 et
786 1431 910 1481 haec
942 1445 993 1481 et
1026 1433 1125 1481 alia
1159 1436 1431 1502 permulta,
1465 1454 1598 1503 quae

151 1515 243 1565 illo
292 1515 486 1564 iudicio
531 1515 587 1563 in
632 1514 895 1564 Staienum
939 1514 1075 1563 dicta
1122 1530 1267 1564 sunt:
1320 1516 1416 1566 hoc
1459 1517 1599 1574 dico,

149 1597 363 1646 eandem
415 1610 525 1647 tum
578 1596 728 1645 fuisse
762 1599 813 1644 P.
850 1609 900 1645 et
932 1599 984 1644 L.
1023 1597 1289 1655 Cominiis‚
1337 1599 1602 1665 equitibus

149 1677 418 1737 Romanis,
452 1677 675 1727 honestis
708 1676 1004 1726 hominibus
1037 1690 1087 1726 et
1130 1678 1348 1736 disertis,
1398 1694 1600 1730 contro-

147 1759 360 1809 versiam
384 1777 503 1808 cum
533 1759 755 1819 Staieno,
777 1776 932 1825 quem
957 1760 1275 1818 accusabant,
1298 1779 1430 1827 quae
1457 1782 1602 1813 nunc

93 1840 278 1891 nomihi
305 1840 371 1891 sit
395 1859 514 1890 cum
540 1840 706 1890 Accio.
773 1839 994 1889 Cominii
1021 1839 1259 1890 dicebant
1281 1842 1429 1902 idem,
1456 1846 1597 1912 quod

147 1940 237 1991 ego
273 1922 413 1971 dico:
449 1917 710 1972 Staienum
744 1921 809 1970 ab
835 1921 1124 1990 Oppianico
1158 1925 1430 1990 pecuniam
1463 1946 1596 1975 acce-

147 2006 307 2076 pisse,
334 2018 396 2055 ut
430 2004 682 2054 iudicium
715 2018 1088 2073 corrumperet:
1125 2007 1381 2056 Staienus,
1430 2009 1597 2057 conci-

146 2087 350 2139 liandae
385 2088 575 2157 gratiae
609 2105 755 2137 causa
791 2087 1034 2156 accepisse
1068 2086 1281 2138 dicebat.
1348 2090 1600 2140 Irrideba-
1633 2118 1710 2145 ιοο

255 2228 297 2270 5.
329 2243 414 2269 esse
442 2229 678 2269 damnatum
796 2228 859 2279 14.
892 2229 1057 2269 retinuit
1211 2230 1275 2271 18.
1309 2230 1597 2273 honestissimis

147 2297 214 2327 ,20
243 2284 342 2324 mihi
369 2292 430 2325 est
542 2286 609 2325 23.
641 2299 682 2324 se
709 2286 917 2338 accepisse.

241 2428 272 2461 5.
308 2426 590 2461 condemnatum
614 2427 686 2460 AB
714 2425 922 2459 damnatum
951 2427 1013 2461 Ro
1087 2440 1116 2472 7.
1141 2426 1207 2474 M]
1231 2428 1338 2465 Mam.
1365 2436 1419 2463 στ
1444 2441 1487 2464 ex
1515 2433 1596 2466 Ma-

151 2474 249 2507 matii
270 2475 365 2508 coni.
460 2474 524 2516 iis]
551 2473 606 2506 his
633 2471 920 2520 ABbcdesgh
934 2482 1010 2522 qrt
1071 2476 1104 2510 ὃ.
1133 2476 1279 2508 fuerunt
1303 2487 1367 2509 om.
1394 2478 1424 2510 B
1542 2491 1594 2517 12.

153 2518 199 2553 de
223 2531 286 2554 om.
310 2521 349 2554 Β.
445 2519 676 2599 DCLXXXX
706 2521 775 2553 AB
805 2522 926 2554 xLDC
963 2520 1213 2567 cdefghrst
1234 2522 1378 2562 ιιυδεζ
1472 2525 1593 2558 DCXL

151 2565 313 2600 millibus
339 2567 426 2612 κλμ
545 2567 571 2601 C
601 2567 760 2600 millibus
785 2567 803 2605 ξ
926 2570 976 2613 14,
1001 2570 1039 2601 in
1062 2580 1130 2604 om.
1156 2569 1222 2602 AB
1349 2570 1496 2603 reticuit
1530 2574 1602 2606 AB

151 2612 325 2647 sustinuit
348 2625 369 2646 ο
398 2613 549 2647 retinnit
573 2614 644 2648 110
742 2625 790 2656 ¹7·
819 2613 872 2660 L]
902 2614 941 2647 C.
969 2617 1097 2650 Ascon.
1134 2617 1174 2648 in
1210 2628 1288 2661 arg.
1318 2617 1461 2650 Cor-nel.
1481 2631 1515 2663 p.
1534 2631 1590 2664 9²·

157 2660 209 2695 18.
233 2658 394 2694 honestis
423 2661 525 2706 ABAb
551 2661 716 2702 (cor-rust}
763 2660 1027 2694 honestissimis
1052 2663 1195 2707 Rvulg,
1264 2675 1319 2697 20.
1344 2665 1392 2697 sit
1416 2665 1488 2698 ΑΒ
1537 2671 1593 2698 est

156 2705 228 2740 ΒΟ
281 2705 370 2739 mihi
396 2718 493 2740 nuuc
521 2713 576 2740 est
600 2716 649 2739 αε
768 2706 882 2752 idem]
908 2707 947 2742 id
971 2717 1058 2749 (ιες
1199 2711 1257 2747 23.
1282 2722 1386 2744 causa
1410 2712 1591 2758 accepisse

154 2751 226 2786 AB
269 2762 375 2786 causa
399 2764 436 2787 se
459 2754 636 2799 accepisse
662 2754 734 2788 Ro
