1846 3178
312 149 403 216 ¹542
855 151 1179 192 ΑΒΝΟΤΑΤΙΟ

309 270 408 310 haec
438 278 496 311 est
522 278 707 312 constans
735 275 940 312 nominum
966 261 1159 323 istorum,
1188 287 1291 328 quae
1319 273 1359 313 in
1379 296 1435 306 -
1452 285 1542 313 enus
1570 272 1740 323 exenntp

313 342 432 390 ratio,
472 342 581 396 quod
607 357 631 382 a
675 342 919 395 simplicibus
946 343 1172 382 nominibus
1199 345 1241 383 in
1262 366 1313 374 —-
1340 345 1398 384 ius
1424 343 1740 385 terminantibus

308 412 555 453 derivantur.
633 412 982 463 Quemadmodum
1025 414 1144 467 igitur
1181 427 1206 453 a
1242 414 1408 455 Volusio
1445 415 1491 454 fit
1544 413 1731 457 Volusie-

307 497 384 523 nus
405 513 418 535 ‚
458 498 482 525 a
518 484 682 523 Nasidio
728 484 989 533 Nasidienus,
1032 499 1055 524 a
1089 485 1219 539 Pupio
1258 486 1487 539 Pupienus,
1536 499 1560 526 a
1605 485 1738 526 Labio·

307 555 522 607 Labienus,
553 556 608 595 sic
636 556 753 595 etiam
784 570 807 594 a
835 557 946 598 Staio,
969 556 1150 596 Staienus
1179 555 1363 597 efficitur.

425 624 487 677 14.
519 626 579 669 M
607 626 774 665 Aurium
802 625 920 680 cett.]
977 627 1096 666 Haud
1126 626 1358 680 negligenda
1384 627 1593 667 videbatur
1612 628 1653 667 in
1682 641 1732 667 eo

307 696 420 744 loco,
463 711 543 750 quo
582 710 772 750 personae
811 705 1014 737 contortae
1047 712 1141 737 sane
1180 706 1219 737 et
1255 698 1469 752 implicitae
1494 700 1733 738 narrationis

305 769 483 821 primum
525 768 769 809 inducuntur
786 799 796 816 ,
835 765 1053 823 expressior
1091 770 1299 811 nominum
1337 769 1572 823 designatio,
1611 783 1732 824 quam

305 841 445 893 optimi
464 839 580 880 codd.
613 839 871 894 praebebant,
899 850 944 882 ut
970 850 1127 897 praeter
1155 841 1357 895 vulgarem
1385 855 1500 880 usum
1529 841 1590 880 bis
1618 854 1734 895 pone»

305 917 418 950 retur
443 919 532 964 post
553 911 718 951 fratrum
743 913 915 952 duorum
933 914 1192 966 praenomina
1214 927 1359 952 nomen
1372 912 1517 967 gentile
1562 911 1732 952 Aurius:

305 996 409 1036 quae
435 985 538 1021 ratio
571 996 617 1022 eo
645 985 768 1037 magis
796 985 1003 1038 probanda
1031 985 1218 1024 videtur:
1249 974 1344 1039 quia
1372 985 1589 1024 eorundem
1617 982 1735 1023 libro-

305 1068 396 1094 rum
438 1054 556 1094 fidem
581 1059 738 1109 sequuti
779 1057 878 1096 duos
906 1057 1116 1096 Numerios
1144 1059 1250 1096 nacti
1278 1071 1414 1096 sumus
1440 1059 1480 1095 in
1510 1055 1647 1095 eadem
1676 1055 1732 1094 fa-

304 1125 430 1174 milia,
475 1140 555 1165 non
593 1128 731 1166 eodem
776 1135 889 1180 patre
932 1136 1066 1179 ortos3
1114 1142 1198 1167 rem
1228 1142 1321 1167 sane
1369 1126 1622 1176 mirabilem,
1665 1125 1735 1165 sed

306 1197 525 1245 eiusmodi,
555 1204 601 1236 ut
629 1212 651 1237 a
680 1197 851 1237 librariis
878 1198 1031 1238 facilius
1068 1198 1305 1250 oblitterari,
1334 1212 1455 1252 quam
1482 1197 1590 1238 ultro
1620 1199 1734 1237 inve-

305 1268 383 1306 niri
409 1268 598 1321 potuerit.

420 1337 468 1377 16
482 1366 495 1388 ,
530 1337 592 1389 14.
622 1353 735 1394 quem
762 1346 889 1378 tamen
917 1338 1048 1392 unum]
1105 1339 1170 1378 Sic
1200 1345 1305 1379 reete
1334 1340 1571 1379 recentiores
1596 1339 1734 1379 edide-

303 1417 429 1450 runt:
470 1409 566 1449 olim
603 1420 685 1451 tum
726 1419 765 1451 et
793 1421 941 1451 tantum
971 1411 1234 1464 vulgabatur,
1263 1418 1477 1464 utrumque
1507 1396 1732 1451 satis'otio·

301 1495 390 1520 sum
410 1496 423 1520 ε
451 1490 578 1522 tamen
597 1512 609 1533 ,
637 1483 744 1536 quod
774 1484 814 1522 in
843 1483 1001 1536 optimis
1029 1483 1145 1523 codd.
1174 1483 1395 1533 invenitur,
1434 1482 1633 1536 eleganter
1667 1496 1731 1522 so·-

302 1553 443 1592 latium
480 1555 684 1608 quoddam
724 1557 906 1610 exprimit
928 1586 940 1606 ‚
983 1556 1091 1610 quod
1131 1563 1222 1609 post
1258 1563 1319 1594 tot
1357 1557 1547 1594 continua
1566 1553 1737 1592 'limera

301 1624 517 1665 domestica
543 1627 711 1674 Dinaea,
744 1627 981 1680 necopinato
1009 1627 1149 1665 nuntio
1178 1627 1228 1665 de
1255 1627 1361 1665 unici
1389 1624 1458 1672 filji
1497 1626 1583 1664 vita
1622 1638 1736 1664 acce·-

301 1703 384 1749 pto,
410 1698 496 1750 ipsa
523 1698 597 1737 sibi
627 1699 811 1752 suggerit.
868 1697 1046 1737 Similem
1075 1697 1305 1736 consolandi
1326 1703 1365 1736 et
1382 1697 1495 1750 quasi
1519 1695 1736 1736 deliniendi

301 1769 384 1807 vim
428 1769 647 1821 particulae
692 1779 823 1809 tamen
872 1770 913 1808 in
973 1767 1035 1807 his
1080 1768 1176 1806 locis
1235 1767 1618 1808 animadvertimus:
1662 1781 1736 1821 pro

301 1839 465 1889 Quinot.
482 1853 516 1878 c.
529 1839 598 1881 26.
610 1840 681 1880 80.-
708 1849 764 1879 est
788 1840 984 1896 quaedam
1023 1850 1151 1879 tamen
1180 1842 1235 1879 ita
1257 1841 1466 1895 perspicua
1495 1841 1663 1887 veritur,
1695 1847 1739 1879 ut

299 1924 390 1949 eam
427 1910 631 1967 irfirmare
670 1912 780 1951 nulla
819 1925 882 1951 res
915 1913 1052 1966 possit.
1083 1925 1157 1964 pro
1194 1913 1311 1950 Rosc.
1345 1911 1435 1950 Am.
1467 1925 1502 1949 c.
1536 1911 1576 1949 5.
1611 1910 1638 1950 8
1657 1923 1670 1949 =
1694 1910 1738 1949 ‘si

299 1982 368 2020 vel
408 1983 573 2022 minima
603 1997 664 2021 res
702 1984 915 2037 reperietur
928 2012 939 2033 ,
979 1983 1235 2038 quamobrem
1260 1983 1471 2021 videantur·
1501 1983 1566 2020 illi
1591 1983 1734 2021 nonni·-

299 2053 360 2091 hil
384 2054 585 2098 tamemin
603 2054 812 2104 dqfiffrendo
842 2056 997 2093 nomine
1026 2056 1187 2109 sequuti.
1217 2069 1253 2093 c.
1285 2054 1352 2093 36.
1390 2052 1486 2104 ιο4ε
1514 2054 1590 2092 -Iwc
1615 2066 1726 2092 ame-

299 2124 385 2175 dit‚
415 2125 524 2180 quod
533 2127 661 2180 paulo
695 2136 825 2166 tamen
851 2127 1046 2165 occultior
1069 2135 1183 2180 atque
1206 2127 1341 2164 tectior
1365 2134 1493 2164 vestra
1521 2126 1604 2184 ista·
1621 2124 1732 2178 cupi-

300 2194 405 2234 ditas
431 2205 537 2235 esset.
598 2197 693 2235 Div.
724 2198 765 2234 in
796 2197 914 2235 Caec.
943 2210 980 2235 c.
1019 2196 1080 2236 15.
1114 2195 1192 2246 [183
1222 2196 1464 2250 aliquantum
1491 2194 1672 2239 remittet,
1691 2201 1735 2231 uc

301 2273 342 2303 ειι
380 2274 510 2306 tamen
542 2266 701 2321 aliquid
739 2281 819 2305 esse
851 2266 1027 2305 videare.
1052 2280 1125 2320 pro
1164 2268 1298 2320 Ligar.
1329 2280 1363 2305 c.
1400 2279 1462 2304 12.
1493 2263 1569 2316 34:
1598 2266 1671 2319 qui
1693 2266 1730 2302 si

300 2339 461 2378 consilio
499 2339 547 2377 id
562 2339 747 2390 ficisset,
792 2347 886 2378 esset
910 2353 1047 2378 eorum
1073 2340 1211 2378 similis
1226 2369 1236 2387 ,
1270 2353 1364 2393 quos
1390 2346 1431 2377 tu
1450 2347 1577 2377 tamen
1603 2337 1735 2375 salvos

300 2423 379 2448 esse
397 2410 570 2449 voluisti.

418 2494 478 2534 ¹7·
509 2480 590 2518 HS
612 2479 894 2536 quadr-ingenia
923 2477 1066 2531 millia]
1126 2479 1171 2516 In
1211 2491 1355 2530 magna
1381 2475 1562 2515 codicum
1602 2476 1734 2513 varie-

301 2559 382 2591 tate
410 2553 722 2592 vetustissimum
753 2558 909 2602 testem,
938 2550 1019 2604 pal.
1058 2551 1345 2588 Tam—inensem
1372 2549 1481 2600 sequi
1519 2548 1644 2585 tutius
1674 2547 1736 2584 vi—

302 2622 486 2672 debatur,
529 2623 580 2662 ad
627 2637 747 2676 quem
790 2622 872 2661 duo
915 2621 1053 2674 optimi
1098 2621 1273 2673 proxime
1318 2618 1524 2657 accedunt.
1594 2617 1652 2656 Ex
1690 2630 1738 2654 re

303 2693 464 2747 quidem
492 2694 594 2735 nihil
622 2694 780 2735 decerni
812 2698 956 2747 potest,
989 2691 1170 2747 quamvis
1200 2691 1292 2729 satis
1330 2688 1507 2743 amplum
1552 2689 1735 2728 videatur
