1846 3178
610 111 725 153 PRO
754 109 804 152 A.
825 108 1127 164 CLUENTlo.
1544 111 1602 159 25

156 236 269 295 aliis
290 235 562 287 scelestibus
585 247 705 286 ante
726 236 964 287 munivit·
1009 235 1139 284 Nam
1160 250 1326 300 quum
1355 244 1476 282 esset
1495 250 1603 302 gra·

152 316 270 377 frida
306 316 492 376 Auria,
545 316 718 367 fratris
751 337 906 377 uxor,
956 328 1007 366 et
1051 315 1154 364 iam
1186 316 1604 384 appropinquare

146 412 327 471 ,partus
357 413 655 470 putaretur,
697 401 968 449 mulierem
1001 416 1197 448 veneno
1231 396 1508 471 interfecit,
1545 409 1606 447 ut

149 498 256 533 una
288 483 447 543 illud,
482 482 626 552 quod
659 496 768 533 erat
801 501 861 532 ex
894 483 1050 532 fratre
1083 493 1412 549 conceptum,
1459 496 1604 529 neca-

114 575 306 619 ὅτεων.
346 567 490 627 *Post
519 566 733 615 fratrem
767 583 1021 634 aggressus
1054 576 1154 613 est:
1204 563 1296 631 qui
1330 580 1460 620 sero,
1499 560 1603 611 iam

146 646 389 698 exhausto
423 649 514 699 illo
548 641 736 720 poculo
759 649 962 707 mortis,
998 665 1163 715 quum
1188 659 1238 695 et
1260 646 1322 695 de
1345 663 1436 696 suo
1462 656 1513 694 et
1540 641 1604 692 de

143 730 318 781 uxoris
351 730 570 782 interitu
602 734 867 790 clamaret,
905 742 1369 796 testamentumque
1403 740 1604 777 mutare

119 826 379 884 §cuperem
415 815 472 865 in
505 815 613 885 ipsa
645 814 1016 882 significatione
1049 812 1206 870 huius
1232 810 1508 861 voluntatis
1533 822 1606 860 est

139 899 394 958 ‚nol-tuus.
460 901 537 948 Ita
570 899 862 958 mulierem,
903 915 968 947 ne
998 909 1155 967 partu
1182 895 1290 944 eius
1313 894 1377 943 ab
1402 892 1604 942 heredi-

89 960 248 1029 iot‘ate
281 978 507 1029 fraterna
541 980 925 1040 excluderetur,
958 979 1177 1029 necavit:
1223 976 1394 1026 fratris
1428 987 1601 1025 autem

140 1061 329 1112 liberos
361 1063 506 1132 prius
538 1064 642 1114 vita
676 1063 917 1134 privavit,
964 1081 1122 1131 quam
1157 1061 1236 1110 illi
1270 1060 1405 1109 hanc
1437 1077 1466 1107 a
1502 1076 1600 1107 na-

141 1155 259 1194 tura
292 1145 461 1195 lucem
495 1147 726 1216 accipere
759 1158 1070 1216 potuerunt:
1111 1157 1172 1193 ut
1205 1160 1379 1192 omnes
1411 1142 1602 1192 intelli-

138 1238 338 1293 gerent,
373 1228 509 1277 nihil
544 1229 590 1277 ei
616 1230 867 1287 clausum,
904 1228 1037 1277 nihil
1060 1239 1294 1276 sanctum
1317 1245 1415 1277 esse
1439 1243 1599 1295 posse,

138 1326 169 1359 a
203 1310 350 1360 cuius
383 1309 596 1359 audacia
629 1310 801 1358 fratris
835 1310 1023 1359 liberos
1048 1326 1113 1357 ne
1138 1307 1358 1357 materni
1386 1306 1598 1374 quidem

89 1393 366 1462 15corporis
393 1393 649 1443 custodiae
685 1405 849 1460 tegere
883 1391 1178 1461 potuissent.
1245 1391 1492 1440 Memoria
1529 1404 1597 1440 te·
1617 1405 1669 1444 32

137 1491 263 1534 neo,
307 1476 559 1525 Milesiam
593 1475 858 1543 quandam
903 1474 1198 1528 mulierem,
1246 1492 1412 1541 quum
1446 1492 1600 1524 essem

136 1556 194 1606 in
215 1557 358 1616 Asia,
394 1556 557 1625 quod,
603 1558 667 1605 ab
702 1556 977 1605 heredibus
1010 1554 1243 1604 secundis
1277 1570 1482 1625 accepta
1518 1574 1602 1626 pe-

107 1638 289 1688 ,cunia
302 1674 319 1697 ,
368 1652 579 1708 partum
623 1639 720 1688 sibi
767 1640 874 1708 ipsa
920 1637 1303 1687 medicamentis
1337 1639 1599 1706 abegisset,

133 1719 209 1768 rei
255 1721 487 1790 capitalis
530 1737 629 1770 esse
675 1719 998 1769 damnatam:
1059 1736 1154 1768 nec
1199 1719 1417 1769 iniuria:
1466 1739 1601 1789 quae
1652 1750 1657 1754 ·

77 1817 282 1871 anspem
306 1804 560 1872 parentis,
594 1804 892 1853 memoriam
928 1803 1175 1862 nomini3‚
1209 1803 1492 1853 subsidium
1519 1821 1598 1872 ge-

132 1875 314 1945 neris,-
338 1883 590 1936 :heredem
622 1886 872 1950 familiae,
927 1886 1246 1954 designatum
1280 1887 1596 1958 reipublicae

213 2035 217 2038 ’
241 2041 283 2081 3.
314 2049 454 2095 partus
482 2042 687 2082 videretur
839 2041 879 2094 4.
911 2041 995 2081 illla
1028 2049 1068 2082 et
1099 2042 1209 2096 quod
1377 2041 1417 2083 5.
1447 2043 1594 2082 Postea

247 2110 309 2136 11.
336 2096 390 2136 ab
417 2105 562 2137 natura
587 2099 792 2151 propriam
821 2096 953 2137 lucem
1079 2098 1141 2150 14.
1180 2099 1299 2138 cuius
1333 2098 1385 2138 ab
1426 2099 1592 2138 audacia

246 2153 310 2194 15.
338 2153 760 2207 custodia-potuisset
869 2167 939 2214 ἐρ.
973 2168 1105 2207 neque

151 2314 154 2318 Δ
223 2286 256 2314 2.
277 2275 403 2324 Auria}
427 2277 519 2310 Iulia
543 2279 614 2312 AB
690 2279 786 2311 Iuria
814 2279 876 2312 vel
905 2278 1006 2312 Viria
1026 2288 1199 2326 prstug
1257 2280 1392 2314 iniuria
1413 2291 1436 2312 α
1495 2279 1589 2313 Vina

129 2322 189 2356 iw
327 2326 358 2358 3.
382 2330 572 2368 putaretur
596 2325 695 2359 ABb
723 2327 859 2369 (carry
907 2326 1137 2362 videreturR
1153 2329 1182 2361 Ο
1320 2328 1352 2371 4.
1377 2326 1471 2360 illud
1490 2327 1588 2372 quod

127 2368 762 2419 ABdesffhklmnovssydqu
778 2383 835 2412 σς
908 2373 972 2406 ina
1001 2373 1100 2418 quod
1124 2382 1266 2420 prstu
1335 2375 1397 2408 illa
1422 2379 1460 2406 et
1487 2374 1587 2419 quod

128 2415 239 2451 abci
286 2419 620 2466 ψαικλμοπρτ
683 2430 754 2452 una
789 2431 867 2454 cum
894 2420 960 2454 illa
995 2427 1032 2454 et.
1052 2421 1150 2467 quod
1176 2433 1198 2456 ν
1257 2433 1327 2454 una
1354 2432 1435 2455 cum
1459 2421 1524 2454 illa
1547 2421 1588 2455 id

127 2463 229 2508 quod
412 2467 445 2504 5.
469 2471 553 2512 post
578 2469 624 2500 11
644 2469 810 2514 (praeter
837 2471 888 2511 w)
912 2467 962 2507 δζ
1101 2474 1227 2513 postea
1254 2469 1354 2514 vulg.
1450 2479 1530 2502 sero
1550 2473 1587 2502 et

127 2509 245 2550 ἰιιιιξ
291 2512 465 2548 6.mortis
488 2526 556 2548 om.
587 2523 610 2546 σ
707 2525 757 2548 ιι.
785 2514 1331 2563 ειἈΒαόοἰῖεηοφυνυαεξ
1380 2513 1586 2562 avaulg,

127 2562 256 2592 natum
284 2559 402 2594 lucem
416 2561 518 2595 ΑΒσ
565 2566 691 2595 natura
705 2561 889 2606 propriam
906 2562 1021 2595 lucem
1037 2563 1068 2597 R
1084 2564 1112 2596 O
1134 2564 1206 2609 (pr.
1232 2567 1273 2603 σ)
1326 2573 1375 2596 12.
1396 2564 1585 2607 potuerint

127 2613 152 2636 α
247 2607 299 2642 13.
323 2611 394 2640 tam
420 2608 602 2649 clausum,
640 2607 737 2643 nihil
760 2613 832 2641 tam
864 2614 1026 2643 sanctum
1051 2622 1075 2657 q
1175 2610 1226 2653 14.
1259 2622 1277 2642 a
1304 2609 1406 2643 euius
1431 2609 1583 2644 audacia

127 2652 222 2686 ΑΒΕ
350 2655 455 2688 cuius
482 2655 633 2689 audacia
661 2657 687 2689 R
712 2653 831 2695 αδζς
947 2657 1049 2690 cuius
1076 2655 1121 2688 ab
1148 2657 1230 2692 aud.
1258 2657 1358 2702 vulg.
1531 2657 1583 2695 15.

126 2697 550 2747 custodiae-potuissent
571 2704 640 2736 AB
686 2702 1065 2748 custodia-potuisset
1083 2704 1154 2738 Ro
1254 2716 1304 2749 ¹7·
1321 2702 1489 2738 secundis
1513 2715 1579 2746 om.

125 2746 194 2780 AB
240 2747 314 2781 suis
341 2759 364 2788 ς
484 2761 535 2795 ¹9·
563 2760 631 2784 nee
655 2751 726 2785 AB
773 2761 892 2797 neque
921 2751 993 2786 Ro
1117 2762 1173 2790 21.
1194 2755 1231 2786 et
1256 2749 1395 2797 design.
1417 2759 1435 2784 ε
