1846 3178
112 0 163 14 ‚-,v
203 2 211 22 ι.

0 0 50 154 ‘A

2 203 25 211 ‚x

0 259 17 292 ἃ,

0 293 13 332 'F

598 124 708 199 pizo
737 155 791 202 A.
821 155 1121 196 CLUENTIO.
1517 159 1576 223 73

143 287 356 345 crimine
401 285 444 335 is
486 296 609 334 esset
651 294 934 342 accusatuS‚
988 290 1344 350 praeterquam
1396 279 1579 328 veneni

143 366 439 437 etna-quod
469 366 758 436 quaesitum
789 365 978 414 Habito
1002 362 1271 417 diceretur,
1307 373 1581 427 negarentt

140 450 193 501 d:
209 448 399 499 deinde
430 461 589 498 essent
623 448 804 516 rogati,
839 444 968 514 quid
1000 443 1315 502 iudicassent,
1348 442 1582 492 condem-

141 539 281 583 nasse
321 548 372 582 se
415 531 671 580 dicerent:
719 547 869 578 nemo
914 527 1053 577 enim
1098 526 1322 576 absolvit.
1387 523 1580 574 Eodem

117 611 293 667 fimodo
325 613 612 680 quaesitum
645 612 684 662 si
718 623 839 661 esset
873 609 934 658 de
957 605 1271 666 Scamandro,
1292 620 1424 657 certe
1446 606 1582 656 idem

141 694 536 766 respondissent:
575 694 768 744 tametsi
803 693 890 741 ille
921 708 1026 738 una
1060 690 1307 738 sententia
1341 702 1412 738 est
1445 689 1584 738 abso-

142 778 312 837 lutus;
357 775 446 826 sed
496 776 638 825 illam
671 792 829 823 unam
862 789 1010 821 nemo
1049 782 1158 819 tum
1194 770 1406 820 istorum
1440 787 1583 820 suam

145 858 248 909 dici
291 860 455 909 vellet.
534 860 660 907 Uter
699 856 858 924 igitur
903 853 1102 902 facilius
1145 870 1263 902 suae
1308 853 1584 902 sententiae

143 942 396 992 rationem
430 938 685 990 redderet:
722 938 849 995 isne,
885 936 976 1003 qui
1011 952 1060 984 se
1094 947 1144 984 et
1175 934 1298 994 sibi,
1334 948 1383 985 ct
1405 935 1478 983 rei
1507 936 1584 983 iu-

97 1025 343 1076 todicatae
376 1022 650 1075 constitisse
683 1020 828 1069 dicit:
863 1038 930 1068 an
964 1019 1076 1077 ille,
1110 1018 1202 1086 qui
1237 1035 1286 1067 se
1313 1018 1366 1067 in
1396 1018 1584 1087 princi-

139 1126 260 1179 pem
307 1107 542 1159 maleficii
600 1106 795 1163 lenem,
840 1104 897 1153 in
941 1103 1196 1153 adiutores
1244 1102 1351 1151 eius
1385 1114 1436 1151 et
1468 1119 1586 1151 con-

140 1189 266 1241 scios
301 1186 796 1239 vehementissimum
839 1203 938 1234 esse
981 1183 1282 1253 respondet?
1348 1185 1586 1248 Quorum

141 1289 233 1340 ego
250 1270 327 1320 de
344 1269 596 1320 sententia
621 1288 727 1318 non
753 1268 910 1317 debeo
935 1267 1217 1336 disputare:
1254 1284 1420 1334 neque
1447 1267 1586 1316 enim

143 1352 351 1411 dubito,
383 1351 514 1419 quin
550 1352 670 1400 tales
703 1350 827 1408 viri,
861 1349 1145 1418 suspicione
1169 1349 1341 1416 aliqua
1367 1349 1585 1410 perculsi

81 1432 414 1506 ⁴&repentina
448 1434 511 1483 de
543 1447 678 1484 statu
708 1451 798 1483 suo
832 1432 1149 1482 declinarint.
1203 1433 1375 1496 Quare
1393 1451 1585 1492 eorum,

145 1521 238 1587 qui
271 1518 621 1577 absolverunt,
669 1514 1067 1564 misericordiam
1099 1533 1209 1564 non
1241 1514 1587 1583 reprehendo:

144 1606 348 1658 eorum',
379 1599 472 1665 qui
506 1599 562 1648 in
597 1596 871 1655 iudicando
907 1597 1167 1665 superiora
1202 1597 1394 1645 iudicia
1428 1597 1585 1646 secuti

142 1690 264 1734 sunt
294 1701 383 1732 sua
417 1694 620 1752 sponte,
657 1700 762 1730 non
796 1680 983 1730 Staieni
1008 1678 1215 1738 fraude,
1251 1679 1589 1729 constantiam

144 1765 440 1835 comprobo:
489 1777 660 1812 eorum
699 1780 838 1821 vero,
885 1762 976 1830 qui
1009 1761 1106 1810 sibi
1141 1780 1247 1811 non
1282 1762 1479 1828 liquere
1513 1760 1588 1809 di-

93 1858 333 1899 aoxerunt
354 1883 367 1904 ,
412 1843 712 1913 sapientiam
759 1842 956 1905 laud03
1012 1843 1104 1911 qui
1151 1843 1406 1892 absolvere
1455 1835 1586 1902 eum,

141 1945 301 2002 quem
332 1924 745 1978 nocentissimum
778 1937 1076 1992 cognorant,
1113 1937 1164 1974 et
1195 1943 1349 1992 quem
1382 1925 1477 1994 ipsi
1512 1925 1591 1975 bis

146 2023 295 2062 antea
327 2009 762 2065 condemnarant,
798 2009 945 2057 nullo
979 2007 1129 2056 modo
1164 2021 1425 2076 poterant3
1471 2026 1590 2057 con-

147 2091 413 2153 demnare,
446 2109 611 2161 quum
646 2101 786 2140 tanta
815 2090 1012 2140 consilii
1033 2090 1243 2140 infamia
1263 2102 1313 2139 et
1331 2103 1434 2141 tam
1457 2103 1589 2141 atro-

261 2293 323 2346 ¹4·
382 2294 480 2347 quin
510 2293 541 2337 ii
566 2292 665 2332 tales
776 2306 842 2331 21.
902 2291 965 2331 bis
990 2294 1071 2332 iam
1098 2300 1214 2333 antea

238 2452 270 2487 ’1.
300 2457 487 2486 accusatus
536 2469 581 2477 —
665 2463 695 2486 2.
721 2456 894 2496 negarent
918 2462 984 2485 om.
1014 2450 1054 2496 135
1146 2463 1179 2496 9.
1206 2451 1390 2485 redderet:
1418 2452 1497 2486 isne
1523 2453 1588 2499 qni

149 2509 188 2532 ne
215 2498 690 2545 ΔΒῘιεηκλμνξοπστ
726 2497 852 2531 reddet
875 2499 954 2531 isne
979 2498 1044 2543 qui
1068 2509 1105 2531 se
1132 2509 1152 2542 ρ
1279 2498 1430 2531 reddere
1465 2499 1509 2532 iis
1533 2504 1588 2541 (v.

149 2543 226 2586 his)
249 2546 418 2593 nequisse
441 2545 773 2591 bcdefgiklno
789 2544 837 2584 δζ
918 2555 964 2578 10.
992 2543 1129 2579 diceret
1152 2545 1171 2578 ἓ
1257 2556 1294 2578 se
1320 2558 1384 2579 om.
1414 2547 1453 2580 B.
1549 2558 1590 2581 n.

150 2590 350 2626 adiutorem
384 2592 403 2625 b
419 2592 592 2639 cdefgh
611 2591 847 2632 ιἸεηοιιδεζ
993 2603 1041 2627 12.
1068 2590 1263 2637 respondet
1294 2594 1353 2628 Fr.
1396 2605 1425 2628 ι.
1459 2603 1519 2640 πρ
1536 2602 1592 2626 σι’

150 2638 339 2682 respondit
362 2638 557 2685 Πγδεζη
572 2640 741 2685 ικλμνο
838 2638 1074 2683 responderet
1100 2640 1119 2678 ξ
1215 2639 1265 2683 14.
1293 2641 1383 2683 quin
1407 2640 1497 2674 tales
1522 2640 1592 2673 viri

151 2685 222 2719 AB
313 2687 403 2732 quin
431 2688 459 2719 ii
485 2688 576 2720 tales
601 2688 668 2718 viri
694 2686 766 2720 Ro
861 2686 1021 2731 percussi
1049 2697 1118 2731 mg.
1144 2683 1198 2718 ed.
1232 2686 1326 2729 1584.
1354 2695 1439 2732 ρστ
1540 2689 1591 2721 15.

1608 857 1683 899 106

153 2731 374 2767 declinarint
398 2746 464 2780 mg.
491 2733 547 2769 ed,
573 2734 668 2777 1584.
693 2742 783 2778 ρστ
877 2732 1100 2768 declinarent
1124 2734 1169 2767 11
1190 2733 1268 2768 rell·
1290 2732 1366 2769 edd.
1463 2745 1502 2769 :n
1534 2734 1591 2767 bis
1656 2782 1658 2787 ,

153 2785 260 2814 antea
290 2780 356 2814 AB
447 2779 504 2816 bis
530 2781 602 2813 iam
629 2785 734 2814 antea
758 2780 831 2815 Ro
