1846 3178
614 114 726 153 PRO
761 111 814 150 A.
838 110 1138 152 CLUENTm.
1535 119 1597 182 87

155 239 290 293 nihil
331 237 584 305 denique,
639 254 786 294 causa
834 235 1031 304 cognita
1059 273 1073 294 ‚
1133 235 1359 285 statuisse
1415 237 1599 298 dicent,

157 319 356 387 Quodsi
393 319 464 370 ita
499 320 751 369 fecissentt
787 332 956 370 tamen
993 317 1046 366 id
1083 337 1187 368 non
1220 317 1289 367 ita
1318 318 1475 368 fixum
1502 337 1602 369 esse

152 385 393 463 deberet,
427 415 490 453 ut
523 403 738 453 convelli
775 421 879 452 non
903 403 1089 452 liceret.
1156 402 1271 450 Non
1292 413 1411 449 utar
1437 418 1598 452 exem-

149 487 359 557 plorum
392 486 561 556 copia,
597 503 729 554 quae
749 504 944 535 summa
968 497 1064 534 estt
1100 502 1206 533 non
1240 501 1347 532 rem
1363 496 1596 544 veterem,

121 585 256 627 finon
299 568 562 619 hominem
608 582 869 638 potentem
916 569 981 622 al·
1024 584 1142 617 uem
1185 580 1276 616 aut
1317 568 1595 636 gratiosum

147 651 421 722 proferam.
487 653 665 723 Nuper
707 587 1022 717 hominfiae

1020 669 1218 710 enuem,
1251 651 1468 701 scribam
1500 654 1594 701 Ae-

146 733 391 795 dilitium,
424 735 488 784 D.
522 735 840 793 Matrinium‚
861 753 1026 802 quum
1072 733 1402 784 defendissem
1453 734 1594 803 apud

143 818 229 868 M.
294 827 298 831 ’
350 819 484 878 ium,
522 798 911 883 (fi’ublicium
947 820 1229 875 Praetores,
1265 830 1316 890 et
1351 819 1417 866 M.
1455 818 1594 866 Plae—

145 912 228 949 τοι*
349 939 364 962 ,
402 903 451 952 C.
486 901 824 960 Flaminium,
860 900 1051 950 Aedilis
1078 899 1312 971 *curulist
1354 901 1591 969 persuasi,

92 994 210 1033 tout
236 983 455 1042 *ribam
489 983 645 1032 iurati
681 984 905 1051 legerent
939 1001 1057 1032 eum
1075 1024 1087 1044 ‚
1127 1001 1283 1051 quem
1319 981 1474 1031 iidem
1509 983 1590 1033 isti

139 1067 376 1116 Censores
390 1067 644 1116 aerarium
670 1066 930 1134 reliquisse
953 1067 1372 1136 subscripserunt.
1409 1067 1589 1130 Quum

137 1132 354 1198 enimin
378 1149 589 1198 homine
623 1150 769 1197 nulla
796 1149 947 1218 eulpa
972 1149 1316 1198 invenireturt
1349 1149 1478 1217 quid
1500 1150 1588 1199 ille

107 1231 419 1303 ¹¹⁴‚zum-uisset,
461 1250 566 1281 non
601 1232 730 1300 quid
767 1231 829 1280 de
863 1250 920 1281 eo
954 1245 1203 1281 statutum
1236 1245 1380 1292 esset,
1431 1251 1582 1300 quae·

111 1307 194 1379 're-³
227 1311 354 1362 dum
389 1331 489 1364 esse
522 1313 795 1363 duxerunt.
891 1316 1019 1364 Nam
1043 1315 1164 1364 haee
1198 1316 1423 1383 quidem,
1449 1333 1582 1384 quae

83 1392 179 1443 15d·
214 1383 425 1446 *iudicio
471 1395 713 1466 corrupto
743 1397 1184 1466 subscripserunt,
1217 1399 1332 1466 quis
1366 1411 1452 1461 est,
1487 1399 1581 1466 qui

130 1477 196 1525 ab
231 1478 332 1527 illis
373 1479 491 1529 satis
539 1481 739 1548 cognita
800 1494 851 1530 et
909 1481 1180 1549 diligenter
1231 1482 1455 1531 iudicata
1499 1500 1579 1530 ar-

129 1558 390 1610 bitretur?
423 1566 485 1613 In
518 1563 586 1612 Μ’
623 1563 914 1630 Aquillium
948 1577 998 1612 et
1034 1565 1088 1611 in
1122 1564 1198 1611 Ti.
1258 1565 1473 1613 Guttam
1506 1565 1578 1612 vi·

129 1642 222 1694 deo
257 1662 357 1694 esse
389 1645 744 1715 subscriptum.
815 1646 958 1711 Quid
1003 1659 1074 1696 est
1119 1647 1249 1696 hoc?
1296 1646 1423 1696 duos
1476 1664 1576 1695 esse

127 1741 394 1798 corruptos
425 1730 553 1778 solos
594 1730 812 1798 pecunia
863 1729 1110 1820 dicanti&
1141 1731 1294 1779 ceteri
1339 1729 1575 1780 videlicet

71 1809 278 1878 aogratis
309 1809 731 1861 condemnarunt.
799 1813 914 1862 Non
948 1825 1020 1862 est
1055 1802 1214 1880 igitur
1258 1813 1572 1864 circumven-

236 2004 296 2029 11.
325 1988 592 2044 reliquissent.
649 1992 785 2043 Quum
926 2008 986 2035 12.
1017 1994 1259 2048 reperiretur
1377 1995 1439 2040 15.
1470 1997 1568 2037 sub-

229 2045 460 2100 scripserint
593 2060 655 2102 19.
684 2049 884 2102 pecunia?
916 2049 1058 2102 Quid?
1081 2051 1201 2090 ceteri

211 2225 244 2251 2.
270 2213 322 2246 ita
345 2224 421 2247 non
445 2213 483 2247 id
511 2224 563 2248 αε
634 2214 775 2263 3,utar]
802 2217 929 2263 utique
955 2229 1013 2258 ας
1086 2219 1116 2263 4.
1134 2221 1270 2264 copiam
1296 2225 1358 2260 ας
1428 2232 1458 2266 7.
1487 2221 1565 2254 Ma-

117 2260 254 2293 crinum
282 2262 313 2294 Α
339 2261 491 2294 Marium
519 2273 541 2294 α
730 2266 761 2296 8.
788 2270 823 2297 οι
849 2265 880 2310 Q
899 2274 947 2296 (ιε
965 2277 988 2304 ς
1023 2266 1225 2311 puplicium
1251 2269 1280 2301 B
1334 2268 1562 2312 Poplicium}

123 2318 171 2345 ιι,
198 2307 390 2353 reliquisse
416 2308 708 2354 subscripserunt
734 2310 1267 2357 Bbcdeglzikmnoinrec
1368 2315 1561 2360 reliquisse

115 2356 335 2398 scripserunt
358 2357 391 2389 A
483 2357 718 2402 reliquissent
743 2359 771 2393 R
795 2361 893 2405 vulg.
1043 2373 1090 2394 12.
1127 2363 1351 2405 invenirqtmr
1382 2365 1428 2395 Π
1448 2374 1560 2408 prae-

115 2409 172 2435 ter
193 2399 357 2450 aqwdc
470 2405 692 2450 reperiretur
718 2406 748 2439 R
782 2408 883 2452 vulg.
1014 2408 1117 2455 quid]
1163 2411 1259 2451 quod
1297 2408 1558 2456 bedesghia

112 2457 287 2494 prstuv
393 2461 502 2495 quam
530 2464 551 2485 a
576 2451 634 2485 Fr.
670 2464 694 2484 ι.
900 2455 954 2492 13.
978 2466 1051 2488 non
1077 2456 1180 2503 quid]
1211 2468 1294 2489 num
1323 2455 1412 2501 quid
1442 2455 1558 2491 bede

110 2493 313 2542 f'gprstu
389 2496 623 2541 14.dixerunt
648 2497 896 2548 ABdfgmq
998 2503 1046 2536 15.
1075 2503 1354 2546 subscripserint
1379 2502 1490 2538 bede
1507 2504 1556 2546 fh

115 2540 425 2589 νγδεκλμνξο
442 2557 462 2590 ρ
479 2555 502 2579 σ
622 2546 915 2589 subscripserunt
940 2548 972 2581 Ῐι.
995 2549 1022 2586 Ζ.
1075 2559 1346 2598 apqrstuw,
1372 2551 1464 2585 Pall.
1494 2542 1554 2589 Pr.

113 2601 132 2622 2
161 2596 195 2621 et
218 2601 242 2622 α
288 2589 465 2638 deficiunt
484 2604 596 2640 usque
624 2592 675 2625 ad
700 2604 728 2626 r.
765 2594 818 2638 47.
852 2598 932 2629 ι3ῑῑι
960 2597 1134 2640 opinione
1164 2598 1332 2631 standum
1501 2610 1551 2643 ¹7·

109 2634 162 2671 Μ.
184 2634 248 2683 Aq.
273 2639 337 2678 Π,
365 2638 440 2672 edd.
474 2649 559 2674 ante
584 2641 602 2679 ξ
625 2649 773 2687 praeter
797 2641 815 2673 λ
843 2647 879 2675 et
903 2643 1069 2676 intimum
1097 2646 1245 2678 Guttam
1269 2646 1300 2678 A
1413 2657 1464 2692 19.
1491 2644 1553 2681 di-

110 2686 192 2717 cant
218 2685 263 2718 Π
281 2694 429 2730 praeter
451 2687 467 2721 l
479 2700 495 2732 ,-
521 2687 567 2721 δε
582 2688 601 2727 ζ
696 2687 787 2735 quid
811 2688 826 2722 l
850 2690 1013 2731 (sirecte
1031 2700 1214 2726 enotatum
1239 2696 1309 2734 est)
1334 2693 1430 2739 vulg.

1607 1332 1677 1372 127
