1846 3178
569 134 681 174 PRO
728 134 783 175 A.
814 134 1114 176 CLUENtrio.
1503 132 1565 188 25

120 254 444 321 indigitaverit,
471 244 744 307 obscurum
772 278 877 309 non
901 272 986 310 est.
1052 260 1180 321 Nam
1217 259 1362 309 cuius
1398 260 1564 312 fi-lium

115 337 313 394 Monet
330 337 591 399 heredem,
627 357 745 389 eum
783 354 1004 391 tutorem
1037 341 1208 390 liberis
1241 359 1349 390 non
1382 342 1566 392 adscri-

14 459 15 462 ,
59 469 62 471 Α
91 419 423 494 ¹pits-Quid
434 423 750 492 Oppianicus
772 425 965 484 fecerit,
989 424 1295 492 cognoscite3
1330 436 1391 472 ut
1415 424 1566 475 illum

108 502 346 570 Magium
390 504 685 573 intelligatis
730 526 836 558 non
869 510 1017 576 longe
1050 507 1224 558 animo
1259 506 1563 576 prospexisse

16 651 18 656 Ι
82 584 432 640 ἔὸιιιότίθηῐθιιί.
504 588 649 652 Quae
692 591 911 659 pecunia
955 591 1161 640 mulieri
1183 591 1356 657 ,legata
1389 602 1498 639 erat
1530 609 1561 640 a

18 1183 46 1214 ‚32-

110 665 325 728 filim-si
360 670 453 737 qui
487 684 636 721 natus
669 673 795 734 erit,
830 689 941 721 eam
974 685 1285 741 praesentem
1315 671 1563 741 Oppiani-

104 766 342 803 ‘ouwnon
377 751 602 804 debitam
633 755 839 804 mulieri
862 756 1032 804 solvit:
1066 756 1106 805 si
1130 755 1253 804 haec
1280 755 1463 805 solutio
1494 756 1563 804 le-

105 844 376 900 gatorum,
411 847 463 884 et
495 854 600 886 non
634 855 822 887 merces
850 839 1128 889 abortionis
1147 838 1452 908 appellanda
1477 849 1562 887 est.

112 914 233 980 Quo
274 915 364 965 illa
409 919 575 986 pretio
610 933 814 989 accepto
849 922 1128 989 multisque
1162 933 1420 990 praeterea
1453 937 1563 968 mu-

51 997 341 1057 mmi-ibus,
374 1015 507 1065 quae
543 1011 653 1049 tum
687 1018 747 1048 ex
778 1002 962 1051 tabulis
982 1001 1256 1072 Oppianici
1282 1000 1563 1050 recitaban-

103 1090 220 1138 tur,
260 1097 400 1149 spem
433 1080 601 1142 illam,
645 1101 802 1150 quam
835 1083 892 1133 in
935 1085 1046 1133 alvo
1092 1082 1559 1134 commendatam'a

99 1159 218 1210 ³viro
251 1162 570 1223 continebat,
616 1165 748 1214 victa
792 1166 1026 1226 avaritia,
1075 1167 1247 1216 sceleri
1282 1165 1556 1235 Oppianici

100 1241 349 1293 «vendidit.
386 1245 557 1293 ‘Nihil
592 1264 732 1315 posse
767 1247 869 1295 iam
902 1245 968 1294 ad
1001 1246 1136 1295 hanc
1175 1247 1557 1316 improbitatem
1585 1248 1638 1290 55

106 1321 227 1372 addi
262 1323 489 1375 videtur:
526 1327 773 1377 attendite
807 1328 1012 1378 exitum.
1084 1329 1229 1393 Quae
1253 1330 1442 1379 mulier
1469 1330 1560 1380 ob-

43 1407 371 1461 -15testatione
398 1407 496 1457 viri
521 1408 693 1458 decem
719 1409 819 1459 illis
842 1410 1099 1460 mensibus
1120 1429 1185 1461 ne
1211 1411 1420 1462 domum
1446 1413 1560 1481 qui-

107 1486 225 1538 dem
259 1489 444 1546 ullam,
488 1492 585 1562 nisi
619 1511 786 1542 socrus
820 1512 958 1556 suae,
1007 1513 1170 1552 nosse,
1217 1496 1386 1555 ebuit,
1435 1496 1560 1545 haec

103 1572 291 1638 quinto
324 1589 494 1623 mense
516 1560 632 1642 post
658 1575 754 1624 viri
785 1589 1000 1625 mortem
1026 1577 1122 1644 ipsi
1149 1495 1231 1647 §a

98 1653 212 1722 psit.
270 1654 417 1718 Quae
439 1656 654 1724 nuptiae
677 1675 782 1706 non
809 1657 1088 1707 diuturnae
1110 1657 1334 1708 fuerunt.
1395 1661 1559 1710 Erant

97 1735 239 1787 enim
272 1755 379 1787 non
414 1724 729 1789 matrimdbii
761 1738 1034 1807 dignitate,
1069 1740 1154 1790 sed
1183 1739 1381 1790 sceleris
1406 1741 1557 1791 socie-

44 1829 202 1874 notate
431 1834 552 1872 ctae.

229 1818 525 1968 willa
551 1905 720 1956 caedes
741 1907 912 1956 Asuvii
931 1907 1201 1968 Larinatis,
1229 1907 1555 1958 adolescentis

93 1985 380 2052 pecuniosi,
416 2004 572 2054 quam
607 1987 742 2036 clara
778 2000 888 2037 tum
922 1988 1024 2038 fuit
1056 1990 1247 2039 recenti
1275 1991 1358 2038 re?
1391 2009 1549 2058 quam

96 2067 331 2118 omnium
362 2085 591 2119 sermone
624 2071 903 2119 celebrata?
937 2071 1057 2120 Fuit
1084 2071 1299 2123 Avillius
1334 2072 1549 2141 quidam

213 2169 244 2195 1.
275 2154 460 2195 iudicarit
562 2157 666 2197 Nam
694 2173 820 2212 quum
847 2159 931 2198 eius
959 2157 1089 2198 filium
1281 2159 1324 2212 4.
1355 2174 1433 2200 om.
1464 2174 1547 2200 non

203 2210 246 2250 6.
274 2218 392 2251 uatus
418 2220 521 2252 esset
876 2215 878 2218 ’

191 2299 220 2322 ι.
245 2287 464 2323 iudicaverit
487 2291 559 2324 AB
630 2289 804 2323 iudicarit
827 2291 856 2323 R
874 2292 902 2325 Ο
950 2291 1051 2324 cuius
1071 2285 1190 2326 'ABG
1235 2305 1345 2340 quum
1374 2296 1451 2328 eius
1477 2295 1546 2329 Ro

93 2345 126 2378 2.
151 2335 530 2381 tuton-emllpuctorcm
557 2336 912 2383 desgklrstudg
960 2337 1163 2372 adiutorem
1189 2338 1363 2374 hmnov
1412 2343 1442 2385 4.
1468 2352 1544 2375 nou

93 2379 176 2415 add.
201 2393 247 2416 ex
265 2382 369 2416 ABb
392 2385 527 2426 (corr)
648 2387 679 2417 (5.
711 2385 781 2417 erit
804 2385 900 2427 ΑΒΖ)
930 2389 1064 2428 (corr.)
1115 2392 1208 2420 esset
1231 2388 1260 2421 R
1278 2389 1307 2422 Ο
1430 2391 1462 2424 8.
1486 2392 1542 2421 est

93 2439 160 2463 om.
186 2429 217 2462 B
320 2442 368 2465 10.
397 2429 489 2477 tum]
518 2443 599 2464 cum
624 2430 762 2476 ABclg
860 2432 911 2476 14.
939 2433 1140 2473 attendite,
1159 2433 1323 2477 iudices,
1353 2436 1489 2468 exitum
1515 2447 1540 2470 a

83 2476 338 2511 'ostentatione
363 2477 560 2524 biqrstu
706 2490 753 2522 17-
783 2485 863 2521 post
888 2477 970 2526 viri]
1002 2480 1179 2524 postulari
1201 2480 1230 2513 C
1368 2494 1422 2516 αι.
1448 2483 1542 2516 Asu-

91 2519 156 2568 vii]
180 2522 268 2557 Asui
297 2524 326 2558 C
370 2522 472 2558 Asini
502 2526 576 2571 ipt
624 2525 751 2559 Asimii
780 2524 803 2557 Ῐι
817 2538 871 2559 no
918 2526 1035 2560 Asinii
1063 2527 1137 2561 Ro
1183 2539 1247 2561 om.
1269 2529 1336 2562 AB
1420 2537 1423 2540 ⁴
1485 2541 1540 2563 22.

89 2569 316 2614 perniciosi).
363 2569 453 2618 tum]
482 2583 561 2605 cum
578 2572 966 2619 είὸιηιοοεβγδεζη
982 2575 1060 2608 ιλν
1109 2585 1215 2620 quam
1242 2574 1260 2606 b
1276 2587 1329 2622 eq
1383 2575 1455 2610 fuit
1484 2586 1543 2610 re-

90 2616 188 2649 centi
210 2615 263 2664 re]
290 2617 363 2652 fuit
388 2618 525 2652 receuti
550 2621 618 2654 AB
667 2621 800 2653 recenti
828 2631 865 2653 rc
890 2619 961 2653 fuit
987 2626 1024 2654 et
1050 2620 1079 2654 C
1136 2631 1259 2654 recens
1285 2623 1354 2656 fuit
1379 2624 1541 2670 aiqu

90 2661 199 2704 δεζη
214 2665 288 2698 alu
359 2666 495 2699 recenti
522 2665 593 2698 fuit
614 2666 708 2700 klm
725 2680 748 2699 ιι
759 2679 778 2699 o
790 2678 812 2698 (c
884 2668 1023 2701 recenti
1047 2678 1085 2701 re
1109 2667 1179 2701 suit
1201 2669 1230 2702 R
1244 2679 1336 2715 κμτ
1404 2670 1543 2704 recenti

87 2719 127 2744 re
153 2711 200 2749 ξο
215 2720 310 2754 πρυ
406 2714 459 2746 23.
489 2713 666 2760 omnium]
682 2712 728 2747 ‘iu
751 2713 909 2747 omnium
925 2715 998 2748 AB
1045 2715 1180 2747 omnib
1194 2714 1392 2764 chmnoq
1440 2718 1542 2750 Avil-

88 2755 159 2790 lius
183 2758 292 2792 ABG
311 2764 559 2800 (constanter)
618 2761 759 2795 Aiulius
789 2759 1195 2815 fseussdecoxkfflvk
1266 2763 1394 2799 Aulius
1424 2763 1540 2810 abcq

1132 2846 1148 2869 θ
1161 2880 1164 2883 «

1234 1579 1436 1646 pianico
1463 1598 1559 1628 nu-

1592 1911 1653 1958 13

1586 1974 1641 2015 56
