1846 3178
364 213 454 273 164
907 209 1235 251 Amorum

358 326 480 369 nullis
507 328 722 385 displicuit,
779 337 826 368 ut
865 330 1050 383 alligatus·
1084 333 1136 371 sit
1176 332 1313 387 culpae
1339 331 1554 372 obnoxius.—
1606 341 1700 371 nam
1726 319 1797 372 aff

354 413 444 439 eam
471 400 720 455 probandam
749 399 843 439 facit
876 407 915 440 et
943 398 1054 440 locus
1092 415 1116 440 a
1144 401 1336 442 Tur-nebo
1374 410 1482 442 recte
1520 400 1688 442 allatus·
1735 401 1798 442 a&

353 471 495 523 Quint.
530 472 642 510 fruah
679 471 795 517 11‚<›.
828 471 897 510 sed
921 470 1025 510 idem
1061 471 1205 511 Neruas
1227 471 1356 512 index
1373 474 1502 513 ed1dit
1527 473 1588 513 ad
1601 473 1790 526 alligatos

353 542 427 582 Cn.
459 542 667 581 Lentulum
701 542 748 580 V
742 542 896 581 aeciam
923 551 962 580 et
983 542 1028 581 C.
1060 542 1282 582 Corneliam
1300 571 1311 592 ‚
1340 550 1379 582 et
1405 543 1551 583 similes
1579 542 1655 583 loci
1682 531 1789 583 infru

349 626 388 652 c.
422 611 490 664 54.
531 610 622 662 148.
666 612 732 650 ubi
764 613 870 652 enim
908 613 1017 661 (leat)
1049 613 1176 652 omnis
1221 613 1403 652 mortalis
1438 615 1602 668 alligat,
1641 615 1699 654 ita
1725 615 1789 653 lo-

348 684 494 740 quitur.
523 697 600 737 pro
628 682 768 722 Rabir.
810 682 923 722 Post.
962 698 997 727 c.
1037 682 1078 734 6,
1122 684 1195 734 14:
1223 699 1272 723 ne
1304 698 1386 740 qna
1422 699 1528 724 nova
1561 686 1787 741 quaestione

347 756 595 809 alligaretur.
622 770 659 794 c.
697 769 719 809 7
740 782 752 805 ‚
782 754 826 794 13
846 769 857 793 :
893 769 964 794 vos
992 763 1147 795 senatus
1163 755 1305 794 liberos
1340 757 1414 794 hac
1441 756 1524 808 lege
1541 769 1620 795 esse
1641 756 1783 807 voluit,

341 826 513 882 popalus
553 840 763 882 numquam
798 826 999 879 alligavft.
1057 826 1136 865 Sed
1164 826 1414 880 participium
1444 827 1600 879 alligati
1616 856 1627 875 ‚
1656 827 1784 880 quum

345 912 430 938 non
451 904 620 947 constet,
650 898 813 951 quinam
834 899 914 936 sint
948 897 1014 936 isti
1043 897 1237 947 homines,
1272 897 1442 951 abrupte
1465 899 1584 937 nimis
1610 889 1783 951 *positum

345 969 577 1016 videbatur.
637 970 775 1019 Quare
795 966 967 1008 libenter
984 970 1228 1022 optimorum
1259 969 1377 1008 codd.
1405 968 1646 1023 scripturam
1681 970 1783 1009 arri-

342 1040 522 1092 puimus,
535 1039 577 1078 in
605 1052 685 1092 qua
713 1037 813 1078 nihil
830 1037 1089 1077 dubitationis
1116 1037 1314 1092 reliquum
1339 1046 1420 1078 est:
1456 1040 1500 1079 in
1529 1053 1604 1096 quo
1634 1036 1779 1093 alliga·-

341 1118 422 1149 tam
458 1109 679 1164 Oppianici
710 1122 851 1147 nomen
872 1108 1050 1163 primam
1077 1122 1156 1147 esse
1180 1109 1391 1158 constabat,
1422 1108 1465 1149 h.
1487 1124 1524 1150 e.
1551 1108 1782 1152 testimonio

340 1180 577 1220 obstrictum
605 1187 644 1218 et
672 1180 945 1218 convinctum.

450 1263 503 1303 29
517 1279 527 1297 ,
576 1264 609 1289 1.
645 1264 723 1304 per
763 1264 878 1305 quem
920 1251 1168 1301 interfecerat
1208 1250 1428 1306 plurimos]
1495 1252 1605 1293 Haec
1652 1253 1778 1294 verba

338 1321 522 1375 quamvis
567 1319 704 1359 multis
744 1326 835 1373 post
871 1320 1113 1359 Lambinum
1165 1327 1342 1373 suspecta
1388 1322 1474 1361 visa
1501 1323 1602 1374 sint,
1643 1338 1778 1379 neque

337 1394 423 1433 sine
442 1388 570 1431 'causa
588 1420 598 1439 ,
627 1397 761 1429 tamen
791 1404 815 1428 a
842 1389 956 1428 nullo
989 1390 1125 1429 codice
1153 1391 1315 1430 absunt.
1351 1391 1490 1441 Quare
1515 1390 1773 1435 statuendum

337 1465 530 1514 videtur,
594 1464 829 1503 Ciceronem
880 1464 1010 1517 ipsum
1049 1463 1154 1502 hanc
1203 1463 1425 1502 audacioris
1470 1462 1578 1503 illius
1630 1462 1774 1505 dictio-

337 1536 400 1576 nis
447 1535 670 1583 (medicum
728 1548 843 1590 saepe
893 1534 1106 1583 victorem)
1150 1534 1467 1589 explanationem
1513 1536 1776 1576 necessariam

335 1606 538 1647 habuisse.
1689 1616 1691 1619 ’

446 1693 513 1719 21.
559 1679 710 1718 tabulas
739 1679 919 1735 publicas
959 1678 1105 1718 Larini
1140 1680 1355 1732 censorias]
1421 1678 1696 1731 Quinctil.IX,
1729 1680 1769 1720 5.

333 1752 389 1791 sic
425 1751 533 1790 hunc
571 1750 703 1790 locum
747 1750 882 1790 affert:
927 1750 1078 1789 tabulas
1112 1751 1293 1805 publicas
1331 1752 1536 1802 violasse,
1575 1751 1772 1791 censorias

333 1823 565 1878 corrupisse.
622 1822 699 1861 Sed
719 1829 825 1860 recte
854 1822 1053 1860 Gesnerus
1081 1821 1130 1859 ad
1162 1820 1275 1859 illum
1304 1821 1332 1861 l.
1355 1829 1395 1861 ct
1423 1815 1663 1861 Garatonius
1683 1823 1770 1861 'viu-->

333 1893 482 1932 dicasse
519 1892 708 1932 videntur
726 1922 738 1942 ,
778 1891 948 1930 verbum
976 1891 1143 1930 violasse
1176 1891 1232 1929 ibi
1260 1893 1418 1933 nonnisi
1450 1906 1496 1931 ex
1521 1898 1660 1932 nostro
1686 1888 1769 1932 La-

331 1966 429 2015 rini,
460 1978 603 2018 parum
633 1978 653 2002 a
684 1963 856 2001 libi-aliis
885 1962 1102 2011 intellecto,
1133 1977 1216 2001 esse
1247 1970 1394 2002 olium.

441 2037 492 2076 50
510 2066 521 2087 ,
554 2035 592 2087 4.
625 2035 754 2086 aditu]
782 2034 882 2072 Cod.
902 2034 932 2071 B
953 2035 1087 2072 minus
1118 2034 1324 2073 emendate
1340 2033 1462 2074 habet
1488 2035 1640 2086 auditu,
1657 2034 1768 2089 quod

329 2109 410 2148 iam
453 2122 629 2147 sermone
677 2106 937 2145 continetur
927 2134 938 2155 ,
988 2085 1118 2143 aditus
1163 2111 1296 2143 autem
1345 2120 1369 2144 a
1408 2099 1671 2159 congressione
1710 2106 1767 2144 ita

330 2180 487 2229 diffe1t,
518 2188 565 2219 ut
593 2180 729 2218 aditus
755 2177 864 2216 domi
897 2178 983 2217 eius
1001 2206 1012 2226 ,
1042 2191 1163 2231 quem
1191 2177 1349 2216 adimus
1367 2178 1626 2230 ‚congressio
1665 2189 1767 2230 quo·

328 2254 389 2293 vis
419 2252 498 2292 alio
529 2251 617 2291 loco
647 2251 671 2289 f
677 2258 731 2289 at

444 2337 505 2362 12.
546 2323 818 2378 Oppianicus.-
849 2320 982 2376 erat:]
1011 2322 1148 2362 Minus
1180 2327 1296 2360 caute
1322 2319 1560 2358 recentiores
1577 2316 1764 2370 editores,

326 2393 537 2433 Ernestius
557 2421 568 2439 ,
601 2391 1019 2442 Schiitzius‚orcllius
1045 2392 1239 2447 quasdam
1268 2395 1516 2432 vetustarum
1544 2387 1765 2428 editionum

325 2465 482 2517 sequuti
523 2476 664 2502 vocem
705 2472 792 2501 erac
834 2464 1046 2502 eiecerunt.
1125 2463 1213 2502 Etsi
1251 2463 1358 2500 enim
1395 2459 1618 2512 complures
1648 2459 1764 2500 codd.

325 2534 462 2573 Florr.
486 2534 590 2571 hanc
615 2534 811 2571 rationem
843 2533 1123 2587 commendare
1135 2531 1340 2580 videntur,
1356 2538 1488 2570 tamen
1517 2531 1558 2568 in
1577 2529 1767 2569 omitten-

325 2605 386 2644 dis
419 2605 580 2655 verbis,
614 2603 759 2656 quibus
788 2618 924 2643 sensus
953 2604 1070 2643 facile
1102 2617 1239 2642 carere
1265 2602 1409 2656 possit,
1442 2602 1561 2640 etiam
1589 2593 1764 2654 optimo-

323 2688 417 2715 rum
452 2684 684 2715 nostrorum
730 2677 1008 2714 auctoritatem
1047 2675 1237 2714 leviorem
1277 2673 1503 2712 habendam
1533 2674 1619 2712 esse
1645 2671 1762 2710 d'uxi‘-

325 2762 446 2788 mus:
492 2760 586 2786 uam
630 2759 851 2800 numquam
896 2746 995 2786 mihi
1027 2746 1270 2800 persuadeo,
1318 2745 1504 2784 iteratum
1532 2743 1632 2785 illud
1659 2748 1761 2794 erat,
