1846 3178
560 158 689 201 -PRo
735 160 790 200 A.
821 160 1123 201 CLUENTlo.
1513 166 1573 218 85

130 282 261 349 tatis·
287 281 508 345 obibus,
557 288 714 352 quam
766 284 855 334 illa
895 284 1212 335 acerbissima
1272 289 1574 358 proscriptio

125 364 281 436 possit
311 365 521 415 afferre:
556 384 621 415 ne
655 368 955 417 Censorium
986 369 1174 427 stilum,
1209 371 1356 421 cuius
1378 389 1575 420 mucro-

126 463 249 499 nem
280 447 459 498 multis
508 449 745 500 remediis
781 452 993 500 maiores
1041 452 1199 501 nostri
1254 451 1572 513 retuderunt,

125 545 288 597 neque
319 529 530 599 posthac
563 544 719 600 atque
767 533 917 581 illum
955 533 1301 594 Dictatorium
1345 533 1574 602 gladium

99 609 549 680 Spertimescamus.
616 613 706 663 Sin
732 626 919 675 autem,
952 614 1094 683 quod
1117 616 1462 685 subscriptum
1487 628 1572 675 est,
1611 622 1682 673 124

122 691 248 760 quia
281 710 462 744 verum
496 707 583 754 est,
599 694 789 746 idcirco
809 713 958 764 grave
981 695 1131 746 debet
1150 715 1247 746 esse
1261 697 1393 747 :dioc
1419 717 1573 767 quae-

121 791 320 836 ramus,
365 794 543 829 verum
575 779 669 838 sit,
718 795 786 826 an
819 778 1028 829 salsumt
1063 793 1421 829 removeantur
1454 799 1571 830 auc-

125 856 352 908 toritates
383 860 670 910 Censoriae:
708 861 924 910 tollatur
957 860 1010 908 id
1046 878 1106 908 ex
1139 880 1300 923 causa,
1338 863 1479 929 quod
1515 865 1571 913 in

122 956 411 1011 caumanon
443 957 543 995 estt
578 942 729 1000 doce,
777 961 935 1011 quam
979 943 1253 1012 pecuniam
1300 947 1567 995 Cluentius

71 1006 346 1083 ἱοᾶθωῑ,
391 1025 532 1075 unde
580 1026 797 1085 dederit,
845 1026 1280 1094 quemadmodum
1342 1027 1564 1077 dederit:
1791 1028 1846 1075 ‘³¹32

120 1123 288 1157 unum
322 1106 546 1176 denique
573 1108 787 1177 aliquod
819 1128 848 1158 a
874 1110 1112 1159 Cluentio
1131 1110 1386 1179 profectae
1419 1128 1569 1180 pecu-

118 1188 236 1239 niae
267 1189 534 1258 vestigium
567 1191 786 1241 ostende.
835 1192 998 1242 Vince
1034 1192 1232 1251 deinde,
1268 1194 1464 1242 bonum
1499 1195 1568 1243 vi-
1790 1186 1846 1239 ᾖ

117 1288 235 1322 rum
268 1272 421 1322 fuisse
442 1273 806 1343 Oppianicum,
837 1274 1099 1322 hominem
1117 1275 1401 1341 integrum:
1434 1276 1568 1324 nihil

116 1351 181 1403 de
202 1354 294 1405 illo
327 1373 578 1423 umquam
612 1373 752 1404 secus
774 1372 872 1403 esse
906 1354 1275 1406 existimatum:
1312 1357 1446 1405 nihil
1481 1357 1567 1405 de·

65 1438 276 1507 15nique
307 1437 731 1508 praeiudicatum.
800 1441 936 1487 Tum
986 1440 1344 1488 auctoritatem
1386 1441 1566 1489 Censo-

1713 497 1751 544 εξ,

114 1521 247 1571 riam
262 1521 570 1591 amplexato:
589 1535 697 1571 tum
713 1521 925 1570 illorum
953 1521 1205 1570 iudicium
1226 1522 1563 1572 coniunctum

112 1619 213 1654 esse
243 1621 364 1653 cum
389 1601 734 1652 redefendito.
789 1603 931 1661 Dum
966 1620 1083 1652 vero
1117 1621 1236 1652 eum
1271 1605 1419 1653 fuisse
1458 1607 1560 1674 Op-
1596 1616 1681 1712 ιιῧ

111 1685 376 1755 pianicum
409 1685 681 1742 constabit,
716 1686 807 1754 qui
846 1687 1043 1736 tabulas
1077 1687 1310 1756 publicas
1344 1690 1562 1751 munici-
1735 1746 1752 1758 „

113 1767 188 1836 pii
205 1785 363 1817 manu
381 1785 471 1818 sua
496 1768 775 1838 corrupisse
799 1769 1054 1819 iudicatus
1071 1769 1159 1819 sit}
1182 1769 1273 1830 qui
1299 1782 1562 1819 testamen»
1714 1754 1754 1797 ἦ
1798 1751 1846 1810 U

55 1861 225 1899 notum
260 1850 600 1902 interleverit:
635 1852 742 1919 qui,
775 1853 1035 1922 supposita
1082 1871 1322 1922 persona,
1375 1854 1560 1902 falsum

110 1946 467 1986 testamentum
506 1933 881 2003 obsignandum
929 1935 1206 1986 curaverit:
1276 1937 1369 2004 qui
1416 1955 1558 1997 eum,

220 2061 447 2109 tavit-um
471 2059 626 2101 bonum
744 2060 806 2101 15.
836 2061 1059 2101 Censor-um
1202 2062 1264 2102 16.
1283 2078 1374 2102 cum
1388 2078 1434 2103 re
1461 2069 1558 2103 con·
1574 2058 1584 2075 ”

214 2116 400 2155 iunctum
428 2130 513 2157 esse
683 2117 746 2160 18.
783 2118 989 2172 municipii
1031 2119 1092 2157 sui
1119 2121 1346 2173 corrupisse
1485 2133 1553 2159 21.

214 2172 366 2212 curarit

198 2304 230 2350 ⁴.
256 2304 416 2350 gladium
447 2315 514 2344 om.
538 2308 571 2341 A
707 2306 740 2342 5.
772 2307 872 2354 quod
901 2309 1075 2352 scriptum
1099 2317 1117 2341 ε
1260 2322 1294 2355 9.
1333 2319 1408 2342 non
1443 2320 1507 2342 om.
1525 2309 1556 2342 Β
1706 2279 1758 2325 a&

100 2362 160 2390 ιιο.
188 2352 494 2399 quemadmodum
515 2353 659 2388 dederit
685 2366 751 2388 om.
781 2355 852 2388 ΑΒ
1043 2369 1093 2391 ιι.
1118 2354 1246 2402 uuum}
1276 2355 1371 2389 unde
1397 2365 1414 2388 ε
1441 2368 1507 2389 om.
1529 2368 1554 2388 cc

104 2398 255 2446 aliquod
302 2413 370 2435 om.
404 2401 445 2438 B.
600 2413 648 2434 12.
683 2401 819 2434 honum
861 2402 977 2435 virum
1017 2403 1084 2436 AB
1154 2403 1269 2436 virum
1308 2402 1445 2436 bonum
1483 2404 1556 2438 Ro

109 2445 160 2480 15.
186 2447 395 2482 Censoriam
423 2449 494 2483 AB
506 2448 526 2481 h
541 2445 686 2494 cdefg
699 2447 721 2480 Ῐι
736 2448 783 2483 ik
796 2449 889 2483 lmn
904 2461 924 2482 ο
937 2462 960 2497 q
977 2448 1037 2483 vd
1052 2450 1070 2489 ζ
1166 2449 1361 2483 censorum
1385 2451 1415 2485 R
1450 2451 1553 2496 vulg.

111 2493 153 2527 ¹⁶
175 2495 378 2540 amplexato
390 2497 432 2529 11
442 2504 591 2542 praeter
615 2497 646 2528 A
658 2496 686 2528 B
697 2495 750 2542 kp
760 2497 875 2540 ινςγξ
888 2508 914 2529 π
929 2509 948 2541 ρ
962 2509 980 2530 τ
1006 2497 1188 2531 Priscian.
1202 2511 1238 2543 p.
1252 2508 1315 2541 797
1332 2498 1370 2530 P.
1412 2498 1552 2542 ample-

105 2545 211 2574 xator
231 2539 332 2576 ABR
347 2555 414 2588 pw
445 2543 526 2580 rell.
552 2540 629 2576 edd.
728 2546 963 2576 coniunctum
993 2555 1070 2578 esse
1097 2555 1174 2576 cum
1212 2556 1248 2577 re
1277 2545 1349 2577 AB
1395 2555 1474 2578 cum
1513 2556 1551 2578 re

106 2586 200 2631 conj.
238 2599 315 2623 ene
350 2589 381 2624 R
394 2590 424 2624 0
592 2600 643 2634 17.
681 2589 787 2634 dum]
824 2602 904 2623 cum
939 2593 984 2625 Π
1016 2599 1165 2637 praeter
1197 2594 1227 2624 Α
1241 2591 1271 2624 Β
1283 2603 1342 2633 w;
1391 2602 1415 2624 α
1432 2589 1458 2624 (5
1470 2600 1487 2623 ε
1500 2591 1552 2631 ζς

109 2644 159 2678 ¹9·
197 2645 303 2670 mauu
343 2647 408 2669 sua
431 2638 463 2670 A
475 2638 506 2671 B
557 2638 613 2671 sui
646 2637 674 2671 R
689 2638 718 2670 Ο
812 2637 1011 2671 iudicatum
1050 2637 1143 2672 ABb
1158 2648 1175 2670 c
1209 2640 1345 2680 (corr-j
1492 2649 1549 2672 20.

102 2682 262 2764 ἳὸροιιὶ
284 2693 475 2730 personam
499 2695 526 2717 oc
716 2695 770 2719 αι.
805 2687 985 2720 curaverit
1021 2684 1153 2720 ABbc
1182 2687 1212 2726 Γ
1213 2688 1335 2728 corr.)
1414 2685 1549 2724 curarit

980 2854 1045 2919 «ολ
