1846 3178
328 167 421 216 166
868 164 1208 205 ADNo'rA‘rio

432 285 481 324 32
502 315 513 336 ,
549 298 612 324 11.
636 294 773 339 postea
800 294 915 324 aucta
936 284 1126 340 pecunia]
1174 285 1304 325 Huius
1333 284 1409 325 loci
1438 285 1753 339 distinctionem,

322 369 447 411 quum
471 356 596 410 Vvulgo
628 364 721 395 ante
754 369 792 402 v,
822 365 938 395 aucta
966 356 1204 402 incideretur
1225 387 1236 407 ,
1268 357 1323 396 sic
1353 357 1532 408 mutavi,
1562 364 1608 398 ut
1632 347 1758 412 parti-

321 428 471 480 cipium
497 436 611 465 aucta
638 439 712 478 pro
741 425 988 466 nominativo
1017 425 1247 466 habendum
1276 440 1358 466 esse
1384 435 1617 482 appareret,
1649 427 1760 482 quod
1810 428 1814 437 ‘

320 497 504 539 dictIOnis
545 495 760 550 aequalitas
779 527 791 548 ‚
836 503 1024 549 sequente
1074 495 1200 535 altero
1240 497 1419 538 membro
1463 499 1606 540 orbata
1645 498 1758 556 filio,

319 568 486 622 flagitat.
543 567 698 607 Eodem
735 567 856 606 modo
890 568 1031 606 Cicero
1070 567 1168 607 dixit
1193 581 1267 621 pro
1295 569 1411 609 Rosc.
1439 567 1535 609 Am.
1566 583 1604 609 c.
1637 569 1675 612 3.
1701 583 1757 624 93,

318 640 454 693 spoliis
483 640 616 678 ornati
640 647 678 678 et
704 639 820 680 aucti.
865 638 985 678 Verr.
1011 639 1065 678 V.
1095 653 1133 681 c.
1164 638 1231 687 51,
1261 636 1339 685 80:
1370 639 1444 684 hac
1470 647 1579 685 tanta
1599 639 1759 696 pmeda

319 717 479 749 auctus:
513 715 552 749 et
580 708 724 749 similia
749 707 887 751 multa.

435 779 499 822 15.
535 780 765 827 Aletrinati]
821 779 1027 819 Prisciano
1067 778 1390 834 morigerandum
1427 779 1640 831 duximus,
1679 779 1754 820 ubi

319 858 403 890 tam
430 851 575 890 diserte
605 851 906 904 pronuntiavit:
947 849 1141 889 accedunt
1181 864 1343 904 quoque
1389 849 1469 890 du'o
1509 850 1651 904 optimi
1685 837 1761 891 iio-

319 924 423 970 stri,
474 922 544 975 qui
590 922 631 960 in
679 922 844 961 nomine
890 928 1067 960 errantes
1113 923 1438 962 terminationem
1490 922 1536 965 in
1561 942 1614 952 —
1634 921 1654 966 ἰ
1676 922 1762 961 ser·-

318 998 481 1040 varunt.

428 1063 478 1107 53
503 1093 514 1113 ,
567 1063 627 1104 18.
671 1061 836 1116 Baebio]
894 1062 999 1102 hanc
1035 1064 1210 1102 nominis
1239 1062 1436 1115 formam,
1472 1069 1519 1102 ut
1562 1068 1700 1102 notam
1722 1069 1763 1107 et

278 1127 282 1130 Δ
321 1134 532 1188 probatam
565 1135 620 1185 (v.
652 1135 691 1172 in
722 1134 804 1172 Pis.
837 1149 874 1174 c.
904 1134 969 1180 36.
1000 1134 1091 1189 88.)
1116 1136 1337 1188 recepimus
1365 1135 1557 1174 suadente
1584 1136 1760 1177 Garato-

317 1205 412 1243 nio:
446 1204 587 1256 optimi
616 1203 731 1242 codd.
762 1206 940 1256 proxime
966 1205 1017 1243 ad
1045 1205 1159 1243 illum
1190 1204 1397 1256 accedunt,
1429 1212 1469 1245 et
1495 1206 1602 1253 infra
1620 1220 1658 1246 c.
1698 1219 1762 1261 19.

320 1275 389 1314 55.
417 1273 552 1327 plures
580 1272 673 1312 libri
702 1273 848 1312 diserte
876 1287 963 1312 eam
992 1273 1192 1312 exhibent.

436 1358 496 1398 ¹9·
528 1359 607 1399 qna
635 1343 861 1398 diligentia]
935 1345 1049 1383 Hanc
1084 1344 1283 1398 egregiam
1324 1343 1592 1398 scripturam,
1636 1359 1759 1399 quam

322 1415 549 1455 Lambinus
570 1415 611 1454 in
633 1416 713 1455 suis
750 1415 868 1455 MSS.
916 1416 1137 1463 invenerat,
1174 1415 1412 1454 confirmant
1447 1415 1566 1455 codd.
1605 1417 1762 1471 optimi.

318 1486 419 1534 Nam
462 1486 503 1524 in
538 1487 657 1525 amici
687 1485 865 1539 periculo
901 1485 1152 1524 defendendo
1181 1486 1387 1539 diligentia
1427 1499 1528 1539 opus
1570 1492 1652 1537 est,
1672 1497 1756 1533 non

319 1557 530 1610 dignitate.
586 1557 716 1595 Causa
742 1554 927 1609 vulgatae
955 1555 1206 1609 corruptelae
1227 1559 1269 1594 in
1290 1555 1407 1596 solita
1429 1554 1625 1596 librorum
1639 1557 1756 1605 MSS.

320 1630 517 1668 varietate
545 1629 674 1680 posita
703 1634 760 1666 est
776 1658 786 1675 ,
818 1641 897 1680 qua
918 1641 1000 1666 non
1033 1627 1083 1666 ad
1105 1628 1367 1680 spernendam
1385 1642 1522 1670 veram
1538 1627 1759 1675 lectionem

320 1699 499 1740 Orellius
537 1698 681 1750 adduci
720 1699 906 1739 debebat.
992 1700 1235 1739 Lambinum
1268 1708 1426 1751 autem,
1458 1702 1578 1741 etiam
1603 1700 1675 1744 uh'i
1693 1708 1758 1742 ta-.

318 1773 395 1811 cite
422 1786 445 1810 a
475 1773 646 1824 receptis
665 1771 872 1825 scripturis
901 1771 1077 1822 recedit,
1125 1771 1275 1825 uhique
1302 1773 1386 1811 fere
1425 1786 1471 1812 ex
1499 1770 1615 1813 bonis
1654 1773 1758 1814 hana

318 1844 400 1888 rire
440 1842 645 1893 sontibus,
680 1842 781 1881 illud
820 1856 980 1895 quoque
1009 1843 1184 1882 ostendit
1202 1873 1213 1892 ,
1249 1844 1358 1897 quod
1390 1845 1524 1884 statim
1563 1846 1762 1899 sequitur,

319 1928 368 1953 ne
396 1915 533 1964 multa,
566 1912 674 1968 quod
705 1914 765 1952 illi
794 1927 1005 1959 commune
1035 1921 1094 1953 est
1134 1929 1227 1954 cum
1257 1915 1605 1970 praestantissimis
1638 1917 1757 1964 codd.

317 1999 393 2040 pro
424 1985 534 2039 vulg.
565 2000 613 2024 ne
641 1985 788 2024 multis.

431 2057 504 2107 54,
539 2070 578 2096 2.
620 2071 809 2095 venenam
846 2055 980 2095 dzebus
1012 2070 1152 2111 pauczs
1196 2059 1469 2114 comparatur]
1535 2059 1615 2099 Hic
1647 2057 1758 2098 locus

318 2129 399 2174 iem
437 2128 592 2182 pridem
628 2128 770 2168 misere
814 2128 1019 2199 ΠωῒίΙᾶΨ
1066 2129 1370 2180 circumfertur,
1441 2129 1588 2174 omisso
1632 2129 1760 2173 verbo,

317 2209 592 2254 comparatur:
635 2202 817 2253 quamvis
854 2199 934 2241 alte
972 2199 1213 2242 reclamante
1252 2217 1398 2252 sensu,
1431 2215 1550 2241 nemo
1587 2202 1759 2242 novissi-

317 2283 477 2310 morum
521 2271 721 2311 editorum
775 2279 1000 2312 commotus
1045 2280 1117 2312 est.
1187 2274 1297 2324 Quid
1339 2275 1470 2313 enim?
1543 2251 1760 2324 Quomodo

323 2341 464 2389 eodem
493 2349 674 2395 tempore
708 2350 747 2381 et
774 2358 972 2382 venenum
990 2375 1000 2392 ,
1033 2344 1141 2398 quod
1166 2345 1382 2386 emendum
1409 2351 1519 2396 erat2
1548 2350 1588 2383 et
1631 2358 1756 2398 pecu-2

318 2414 410 2462 nia,
441 2428 521 2466 qua
546 2413 646 2453 illud
675 2421 882 2467 empturus
909 2423 994 2454 erat
1021 2416 1282 2464 Scamander,
1309 2419 1351 2456 in
1379 2415 1555 2456 eiusdem
1577 2414 1758 2460 hominis

317 2497 440 2523 manu
480 2484 724 2538 deprehendi
755 2488 903 2539 potuit?
977 2488 1066 2527 Hoc
1107 2495 1192 2527 tam
1230 2488 1450 2527 absurdum
1491 2494 1567 2538 est,
1590 2494 1636 2527 ut
1671 2493 1757 2527 tam

315 2555 526 2594 manifesto
559 2544 767 2597 mendacio
795 2559 902 2613 apud
935 2567 1070 2599 cautos
1098 2559 1246 2598 iudices
1272 2560 1396 2598 totius
1427 2559 1486 2597 rei
1513 2557 1611 2597 fides
1635 2557 1756 2597 dnbi-

316 2626 511 2665 tationem
546 2629 748 2668 incurrere
789 2631 994 2683 potuisset.
1056 2631 1192 2681 Quare
1233 2629 1457 2668 certissime
1507 2643 1553 2668 ex
1588 2627 1756 2683 egregiis

317 2696 435 2742 codd.
484 2700 773 2751 restituendum
811 2708 895 2747 erat
934 2700 1034 2740 illud
1078 2709 1347 2756 comparatur,
1375 2699 1483 2754 quod
1516 2699 1557 2745 in
1586 2699 1757 2744 vetustis
