1846 3178
549 118 662 192 PRo
692 153 744 191 A.
772 148 1076 192 eLUENTio.
1162 191 1169 204 ,
1520 150 1582 203 (55

146 274 438 347 puliib'ssur.
471 274 607 323 Num
637 275 796 342 igitur
827 274 925 323 hoc
959 285 1182 342 tempore
1216 287 1359 320 eausa
1389 286 1585 323 mutata

146 359 267 410 uti*
291 373 419 406 num
464 357 563 406 alia
614 374 716 415 res,
765 358 864 406 alia
899 358 1029 406 ratio
1065 356 1204 405 illius
1238 353 1441 408 iudicii,
1483 355 1585 404 alia

146 427 332 491 natura
367 439 520 489 totius
554 440 741 507 negotii
774 458 914 489 nunc
948 453 1040 498 est,
1073 458 1132 488 ac
1167 452 1277 488 tum
1311 437 1441 485 fuit?
1473 439 1588 487 Non

146 521 333 590 opinor
361 537 424 569 ex
456 521 516 571 iis
550 522 714 579 rebus,
750 539 882 589 quae
914 534 1076 588 gestae
1109 534 1241 579 sunt,
1263 537 1383 568 ¹rem
1427 520 1590 568 ullam

116 603 365 672 5potuisse
388 603 593 652 mutari.
664 603 806 666 Quid
828 621 944 670 ergo
958 616 1030 652 est
1051 620 1239 663 causae,
1272 601 1412 669 quod
1449 619 1591 650 nunc
1616 589 1669 645 93

142 697 317 736 nostra
351 685 572 734 defensio
603 684 845 734 audiatur
879 698 1018 734 tanto
1039 685 1254 743 silentio,
1294 697 1404 733 tum
1438 683 1590 732 Iunio

150 767 459 818 defendendi
490 767 570 817 sui
604 779 817 836 potestas
850 779 1023 834 erepta
1055 766 1150 815 sit?
1216 766 1352 829 Quia
1389 778 1501 815 tum
1534 766 1592 815 in

148 867 298 900 causa
330 849 466 900 nihii
501 861 632 908 erat,
673 861 874 917 praeter
908 847 1175 906 invidiam,
1213 865 1468 906 erronem,
1511 866 1593 897 su-

145 933 452 1002 spicionem,
487 933 754 981 conciones
774 930 1122 1000 quotidianas,
1156 929 1386 979 seditiose
1409 948 1467 978 ac
1503 949 1593 999 po·-

96 1013 400 1083 :opularioex-
441 1014 726 1063 concitatas.
806 1013 1091 1062 Aecusabat-
1125 1012 1388 1062 Tribunus
1431 1012 1594 1081 plebis

145 1093 284 1144 idem
316 1095 371 1144 in
406 1095 756 1152 concionibus,
793 1094 924 1142 idem
963 1093 1028 1143 ad
1062 1094 1320 1143 subsellia:
1359 1094 1424 1144 ad
1459 1094 1594 1143 iudi-

142 1175 282 1225 cium
311 1194 422 1226 non
457 1175 608 1226 modo
645 1176 707 1235 de
742 1178 1002 1235 concione,
1033 1176 1121 1225 sed
1155 1177 1309 1226 etia²m
1332 1195 1449 1226 cum
1486 1177 1593 1246 ipsa

143 1258 390 1308 concione
422 1259 670 1308 veniebat.
740 1258 942 1308 Gradus
977 1259 1054 1308 illi
1085 1259 1283 1308 Aurelii
1321 1272 1429 1308 tum
1459 1261 1591 1315 novi,

141 1340 291 1408 quasi
323 1359 418 1410 pro
466 1340 664 1390 theatro
700 1341 776 1389 illi
814 1340 1006 1390 iudicio
1040 1341 1291 1391 aedificati
1353 1341 1594 1390 videban-

94 1435 260 1476 15tur:
294 1441 422 1492 quos
456 1425 548 1472 uhi
574 1437 833 1474 aecusator
860 1424 1124 1473 concitatis
1146 1423 1441 1471 hominibus
1461 1441 1595 1471 eom-

143 1507 323 1576 plerau
361 1524 465 1556 non
499 1506 650 1557 modo
685 1506 889 1556 dicendi
923 1507 989 1556 ab
1014 1524 1113 1563 reo,
1148 1505 1233 1554 sed
1265 1522 1326 1553 ne
1350 1504 1591 1572 suigendi

143 1587 354 1656 quidem
389 1602 603 1657 potestas
638 1602 759 1637 erat.
827 1590 1004 1657 Nuper
1025 1587 1163 1656 apud
1193 1589 1242 1635 C.
1271 1587 1588 1646 Orchivium,
1621 1595 1676 1652 94

145 1671 387 1738 collegam
420 1688 607 1729 meum,
644 1671 783 1719 loeus
816 1670 879 1718 ab
916 1669 1171 1718 iudicibus
1207 1671 1390 1718 Fausto
1423 1671 1592 1737 Syllae

145 1752 215 1802 de
243 1752 475 1822 pecuniis
507 1750 718 1801 residuis
752 1770 856 1800 non
881 1764 952 1800 est
976 1752 1308 1800 constitutus:
1346 1769 1450 1800 uon
1485 1759 1591 1820 quo

89 1833 225 1885 noilli
254 1846 349 1884 aut
382 1834 601 1902 exlegem
646 1851 747 1883 esse
795 1833 1011 1901 Syllam,
1056 1845 1148 1881 aut
1179 1851 1381 1882 causam
1429 1853 1591 1902 pecu-

141 1917 258 1967 niae
290 1916 527 1986 publicae
572 1929 915 1986 contemptam
961 1928 1117 1983 atque
1151 1915 1399 1964 abiectam
1442 1929 1591 1985 puta·-

141 2012 284 2061 rent3
320 1998 405 2048 sed
437 1997 600 2066 quod,
636 2009 901 2048 accusante
932 1998 1169 2046 Tribuno
1204 1998 1379 2065 plebis,
1415 1999 1590 2047 condi-

141 2081 280 2132 tione
312 2099 474 2148 aequa
509 2080 777 2148 disceptari
813 2097 954 2148 posse
989 2097 1095 2128 non
1120 2091 1386 2147 putarunt.
1423 2078 1589 2145 Quid?

242 2221 288 2264 6.
321 2230 432 2263 tunc.
555 2237 616 2276 17.
650 2222 698 2260 C.
730 2221 985 2260 Orchinium„

231 2359 264 2396 3.
287 2363 412 2393 natura
439 2371 508 2398 om,
535 2358 563 2392 C
685 2359 717 2403 4.
735 2357 793 2404 iis]
834 2357 889 2392 his
914 2357 1208 2405 ABabsscquae
1234 2361 1264 2393 is
1290 2357 1379 2407 fhp
1506 2371 1586 2406 ges-

199 2406 216 2450 ]
242 2404 360 2441 dictae
409 2415 470 2442 αε.
558 2407 591 2439 6.
620 2410 694 2438 tum
721 2406 789 2438 AB
811 2409 898 2438 tunc
919 2406 990 2439 ΗΟ
1093 2418 1124 2450 9.
1152 2404 1351 2440 seditiones
1376 2406 1455 2443 AB.
1534 2418 1583 2452 17.

173 2451 402 2491 ,Orchivium
431 2453 530 2487 ABI)
558 2456 693 2495 sterit)
706 2453 783 2486 Pal.
812 2463 842 2485 2.
860 2464 884 2484 α
958 2453 998 2486 C.
1024 2452 1195 2486 Orchium
1224 2454 1259 2487 C.
1310 2455 1349 2486 C.
1376 2453 1583 2488 Archivium

135 2511 161 2534 ο
202 2498 435 2534 Corinthium
460 2512 492 2533 m
541 2501 568 2534 C
605 2499 817 2533 Orchinium
839 2499 870 2533 R
893 2499 994 2544 vulg.
1095 2511 1147 2542 ις).
1173 2498 1341 2546 residuis]
1369 2501 1582 2544 repetundis

136 2545 236 2581 ABb
262 2549 398 2589 (corr)
470 2551 524 2580 est
547 2559 613 2580 om.
641 2556 658 2579 ε
776 2545 863 2592 quo]
893 2546 990 2591 quod
1019 2545 1057 2577 C.
1086 2547 1270 2585 Priscian.
1295 2561 1333 2594 p.
1365 2549 1443 2591 725·
1470 2547 1504 2581 P.
1534 2549 1582 2587 ξπ

136 2603 194 2628 20.
217 2594 349 2638 exlege
374 2602 457 2632 αες
549 2605 602 2627 21.
633 2597 874 2636 contemptam
899 2592 1079 2630 abiectum
1105 2593 1195 2634 (siey
1221 2594 1250 2627 C
1318 2593 1494 2627 obiectam
1521 2597 1582 2628 Λο

134 2639 319 2688 putarent]
346 2639 568 2674 arbitrentur
591 2641 705 2676 Prisc.
761 2642 815 2674 23.
843 2640 957 2686 posse}
984 2637 1130 2683 publice
1159 2641 1227 2673 AB
1274 2651 1378 2686 posse
1406 2643 1580 2686 populum

135 2697 161 2719 r.
190 2686 236 2730 (i.
265 2697 295 2720 e.
322 2687 434 2733 Rom.)
461 2697 533 2720 non
560 2686 839 2732 defghilcmv
888 2698 961 2719 non
987 2697 1053 2720 om.
1081 2695 1258 2721 ηυγ-πα
1306 2693 1485 2734 putarunt
1511 2689 1582 2722 ΑΒ

133 2737 304 2778 putarent
329 2744 351 2780 ρ
398 2735 577 2780 putabant
601 2743 623 2766 σ
671 2739 892 2780 putaverunt
915 2734 942 2767 R
966 2733 1068 2778 vulg.

1253 2797 1281 2847 5
