<?xml version="1.0" encoding="UTF-8"?>
<!DOCTYPE html PUBLIC "-//W3C//DTD XHTML 1.0 Transitional//EN"
    "http://www.w3.org/TR/xhtml1/DTD/xhtml1-transitional.dtd">
<html xmlns="http://www.w3.org/1999/xhtml" xml:lang="en" lang="en">
 <head>
  <title>
</title>
<meta http-equiv="Content-Type" content="text/html;charset=utf-8" />
  <meta name='ocr-system' content='tesseract 3.04.00' />
  <meta name='ocr-capabilities' content='ocr_page ocr_carea ocr_par ocr_line ocrx_word'/>
</head>
<body>
  <div class='ocr_page' id='page_1' title='image "./procluentiolatin00ciceuoft/procluentiolatin00ciceuoft_0083.png"; bbox 0 0 1846 3178; ppageno 0'>
   <div class='ocr_carea' id='block_1_1' title="bbox 189 52 246 73">
    <p class='ocr_par' dir='ltr' id='par_1_1' title="bbox 189 52 246 73">
     <span class='ocr_line' id='line_1_1' title="bbox 189 52 246 73; baseline 0 -18"><span class='ocrx_word' id='word_1_1' title='bbox 189 61 209 73; x_wconf 39' lang='lat' dir='ltr'>X</span> <span class='ocrx_word' id='word_1_2' title='bbox 243 52 246 55; x_wconf 69' lang='grc'>,</span> 
     </span>
    </p>
   </div>
   <div class='ocr_carea' id='block_1_2' title="bbox 607 90 1582 141">
    <p class='ocr_par' dir='ltr' id='par_1_2' title="bbox 607 90 1582 141">
     <span class='ocr_line' id='line_1_2' title="bbox 607 90 1582 141; baseline -0.006 -7"><span class='ocrx_word' id='word_1_3' title='bbox 607 93 716 134; x_wconf 84' lang='lat' dir='ltr'>PRO</span> <span class='ocrx_word' id='word_1_4' title='bbox 747 92 798 132; x_wconf 83' lang='lat' dir='ltr'>A.</span> <span class='ocrx_word' id='word_1_5' title='bbox 830 91 1133 132; x_wconf 62' lang='lat' dir='ltr'>cml-:Nemo</span> <span class='ocrx_word' id='word_1_6' title='bbox 1498 103 1503 107; x_wconf 92' lang='lat'><em>-</em></span> <span class='ocrx_word' id='word_1_7' title='bbox 1522 90 1582 141; x_wconf 85' lang='lat'>55</span> 
     </span>
    </p>
   </div>
   <div class='ocr_carea' id='block_1_3' title="bbox 145 211 1583 288">
    <p class='ocr_par' dir='ltr' id='par_1_3' title="bbox 145 211 1583 288">
     <span class='ocr_line' id='line_1_3' title="bbox 145 211 1583 288; baseline -0.008 -16"><span class='ocrx_word' id='word_1_8' title='bbox 145 237 323 272; x_wconf 77' lang='lat' dir='ltr'>vocare</span> <span class='ocrx_word' id='word_1_9' title='bbox 353 231 635 288; x_wconf 88' lang='lat' dir='ltr'>coeperunt</span> <span class='ocrx_word' id='word_1_10' title='bbox 655 228 706 266; x_wconf 87' lang='lat' dir='ltr'>et</span> <span class='ocrx_word' id='word_1_11' title='bbox 726 233 925 265; x_wconf 88' lang='lat' dir='ltr'>causam</span> <span class='ocrx_word' id='word_1_12' title='bbox 950 211 1091 264; x_wconf 88' lang='lat' dir='ltr'>illam</span> <span class='ocrx_word' id='word_1_13' title='bbox 1119 225 1276 264; x_wconf 89' lang='lat' dir='ltr'>totam</span> <span class='ocrx_word' id='word_1_14' title='bbox 1303 212 1583 282; x_wconf 83' lang='lat' dir='ltr'>deposcere.</span> 
     </span>
    </p>
   </div>
   <div class='ocr_carea' id='block_1_4' title="bbox 147 287 1665 370">
    <p class='ocr_par' dir='ltr' id='par_1_4' title="bbox 147 287 1665 370">
     <span class='ocr_line' id='line_1_4' title="bbox 147 287 1665 370; baseline -0.008 -16"><span class='ocrx_word' id='word_1_15' title='bbox 147 306 315 370; x_wconf 71' lang='lat' dir='ltr'>Atque</span> <span class='ocrx_word' id='word_1_16' title='bbox 362 300 452 350; x_wconf 82' lang='lat' dir='ltr'>illo</span> <span class='ocrx_word' id='word_1_17' title='bbox 495 299 603 367; x_wconf 87' lang='lat' dir='ltr'>ipso</span> <span class='ocrx_word' id='word_1_18' title='bbox 650 310 877 367; x_wconf 86' lang='lat' dir='ltr'>tempore</span> <span class='ocrx_word' id='word_1_19' title='bbox 910 298 967 346; x_wconf 90' lang='lat' dir='ltr'>in</span> <span class='ocrx_word' id='word_1_20' title='bbox 998 295 1134 346; x_wconf 85' lang='lat' dir='ltr'><strong>aedis</strong></span> <span class='ocrx_word' id='word_1_21' title='bbox 1165 298 1221 344; x_wconf 88' lang='lat' dir='ltr'>T.</span> <span class='ocrx_word' id='word_1_22' title='bbox 1257 295 1448 352; x_wconf 88' lang='lat' dir='ltr'>Annii,</span> <span class='ocrx_word' id='word_1_23' title='bbox 1494 295 1585 344; x_wconf 90' lang='lat' dir='ltr'>ho-</span> <span class='ocrx_word' id='word_1_24' title='bbox 1612 287 1665 343; x_wconf 90' lang='grc'>78</span> 
     </span>
    </p>
   </div>
   <div class='ocr_carea' id='block_1_5' title="bbox 78 366 1591 2170">
    <p class='ocr_par' dir='ltr' id='par_1_5' title="bbox 78 366 1591 2170">
     <span class='ocr_line' id='line_1_5' title="bbox 146 366 1588 438; baseline -0.005 -5"><span class='ocrx_word' id='word_1_25' title='bbox 146 382 299 434; x_wconf 86' lang='lat' dir='ltr'>minis</span> <span class='ocrx_word' id='word_1_26' title='bbox 330 366 686 438; x_wconf 68' lang='lat' dir='ltr'>b‘onestissimi,</span> <span class='ocrx_word' id='word_1_27' title='bbox 723 378 986 429; x_wconf 87' lang='lat' dir='ltr'>necessarii</span> <span class='ocrx_word' id='word_1_28' title='bbox 1019 390 1071 427; x_wconf 87' lang='lat' dir='ltr'>et</span> <span class='ocrx_word' id='word_1_29' title='bbox 1102 377 1254 427; x_wconf 90' lang='lat' dir='ltr'>amici</span> <span class='ocrx_word' id='word_1_30' title='bbox 1288 376 1404 435; x_wconf 88' lang='lat' dir='ltr'>mei,</span> <span class='ocrx_word' id='word_1_31' title='bbox 1429 389 1588 426; x_wconf 88' lang='lat' dir='ltr'>noctu</span> 
     </span>
     <span class='ocr_line' id='line_1_6' title="bbox 142 458 1587 529; baseline -0.006 -14"><span class='ocrx_word' id='word_1_32' title='bbox 142 463 375 515; x_wconf 67' lang='lat' dir='ltr'>Staienus</span> <span class='ocrx_word' id='word_1_33' title='bbox 444 462 711 512; x_wconf 86' lang='lat' dir='ltr'>accersitus</span> <span class='ocrx_word' id='word_1_34' title='bbox 762 461 826 510; x_wconf 91' lang='lat' dir='ltr'>ab</span> <span class='ocrx_word' id='word_1_35' title='bbox 878 460 1165 529; x_wconf 85' lang='lat' dir='ltr'>Oppianico</span> <span class='ocrx_word' id='word_1_36' title='bbox 1232 458 1385 508; x_wconf 84' lang='lat' dir='ltr'>venit.</span> <span class='ocrx_word' id='word_1_37' title='bbox 1470 459 1587 507; x_wconf 79' lang='lat' dir='ltr'>Jam</span> 
     </span>
     <span class='ocr_line' id='line_1_7' title="bbox 118 539 1588 609; baseline -0.006 -13"><span class='ocrx_word' id='word_1_38' title='bbox 118 553 310 600; x_wconf 64' lang='lat' dir='ltr'>§cetera</span> <span class='ocrx_word' id='word_1_39' title='bbox 343 557 463 595; x_wconf 88' lang='lat' dir='ltr'>nota</span> <span class='ocrx_word' id='word_1_40' title='bbox 497 556 617 593; x_wconf 87' lang='lat' dir='ltr'>sunt</span> <span class='ocrx_word' id='word_1_41' title='bbox 653 542 915 592; x_wconf 87' lang='lat' dir='ltr'>omnibus:</span> <span class='ocrx_word' id='word_1_42' title='bbox 965 554 1025 591; x_wconf 88' lang='lat' dir='ltr'>ut</span> <span class='ocrx_word' id='word_1_43' title='bbox 1060 560 1178 590; x_wconf 89' lang='lat' dir='ltr'>cum</span> <span class='ocrx_word' id='word_1_44' title='bbox 1212 541 1302 590; x_wconf 91' lang='lat' dir='ltr'>illo</span> <span class='ocrx_word' id='word_1_45' title='bbox 1337 539 1588 609; x_wconf 88' lang='lat' dir='ltr'>Oppiani-</span> 
     </span>
     <span class='ocr_line' id='line_1_8' title="bbox 141 621 1588 696; baseline -0.008 -17"><span class='ocrx_word' id='word_1_46' title='bbox 141 645 235 679; x_wconf 73' lang='lat' dir='ltr'>cus</span> <span class='ocrx_word' id='word_1_47' title='bbox 266 628 425 696; x_wconf 85' lang='lat' dir='ltr'>egerit</span> <span class='ocrx_word' id='word_1_48' title='bbox 458 625 519 675; x_wconf 89' lang='lat' dir='ltr'>de</span> <span class='ocrx_word' id='word_1_49' title='bbox 553 625 791 694; x_wconf 86' lang='lat' dir='ltr'>pecunia:</span> <span class='ocrx_word' id='word_1_50' title='bbox 827 636 899 672; x_wconf 85' lang='lat' dir='ltr'>ut·</span> <span class='ocrx_word' id='word_1_51' title='bbox 921 624 1008 672; x_wconf 86' lang='lat' dir='ltr'>ille</span> <span class='ocrx_word' id='word_1_52' title='bbox 1041 639 1090 672; x_wconf 89' lang='lat' dir='ltr'>se</span> <span class='ocrx_word' id='word_1_53' title='bbox 1121 621 1448 671; x_wconf 87' lang='lat' dir='ltr'>redditurum</span> <span class='ocrx_word' id='word_1_54' title='bbox 1489 637 1588 669; x_wconf 88' lang='lat' dir='ltr'>esse</span> 
     </span>
     <span class='ocr_line' id='line_1_9' title="bbox 145 702 1589 762; baseline -0.006 -2"><span class='ocrx_word' id='word_1_55' title='bbox 145 709 358 762; x_wconf 80' lang='lat' dir='ltr'>dixerit:</span> <span class='ocrx_word' id='word_1_56' title='bbox 404 721 466 758; x_wconf 90' lang='lat' dir='ltr'>ut</span> <span class='ocrx_word' id='word_1_57' title='bbox 508 725 687 756; x_wconf 92' lang='lat' dir='ltr'>eorum</span> <span class='ocrx_word' id='word_1_58' title='bbox 732 723 1014 754; x_wconf 88' lang='lat' dir='ltr'>sermonem</span> <span class='ocrx_word' id='word_1_59' title='bbox 1072 722 1275 754; x_wconf 91' lang='lat' dir='ltr'>omnem</span> <span class='ocrx_word' id='word_1_60' title='bbox 1328 702 1589 752; x_wconf 86' lang='lat' dir='ltr'>audierint</span> 
     </span>
     <span class='ocr_line' id='line_1_10' title="bbox 143 785 1590 856; baseline -0.004 -15"><span class='ocrx_word' id='word_1_61' title='bbox 143 791 244 842; x_wconf 81' lang='lat' dir='ltr'>viri</span> <span class='ocrx_word' id='word_1_62' title='bbox 292 790 445 850; x_wconf 88' lang='lat' dir='ltr'>boni,</span> <span class='ocrx_word' id='word_1_63' title='bbox 490 789 582 856; x_wconf 86' lang='lat' dir='ltr'>qui</span> <span class='ocrx_word' id='word_1_64' title='bbox 630 799 740 836; x_wconf 89' lang='lat' dir='ltr'>tum</span> <span class='ocrx_word' id='word_1_65' title='bbox 784 786 1014 835; x_wconf 89' lang='lat' dir='ltr'>consulto</span> <span class='ocrx_word' id='word_1_66' title='bbox 1058 797 1270 854; x_wconf 88' lang='lat' dir='ltr'>propter</span> <span class='ocrx_word' id='word_1_67' title='bbox 1303 785 1590 836; x_wconf 85' lang='lat' dir='ltr'>inocculto</span> 
     </span>
     <span class='ocr_line' id='line_1_11' title="bbox 144 867 1587 938; baseline -0.005 -14"><span class='ocrx_word' id='word_1_68' title='bbox 144 873 422 924; x_wconf 70' lang='lat' dir='ltr'>stetissentt</span> <span class='ocrx_word' id='word_1_69' title='bbox 462 883 525 920; x_wconf 86' lang='lat' dir='ltr'>ut</span> <span class='ocrx_word' id='word_1_70' title='bbox 569 887 646 918; x_wconf 87' lang='lat' dir='ltr'>res</span> <span class='ocrx_word' id='word_1_71' title='bbox 691 868 939 938; x_wconf 83' lang='lat' dir='ltr'>patefacta</span> <span class='ocrx_word' id='word_1_72' title='bbox 989 879 1040 917; x_wconf 91' lang='lat' dir='ltr'>et</span> <span class='ocrx_word' id='word_1_73' title='bbox 1082 867 1139 916; x_wconf 91' lang='lat' dir='ltr'>in</span> <span class='ocrx_word' id='word_1_74' title='bbox 1171 867 1344 919; x_wconf 85' lang='lat' dir='ltr'>forum</span> <span class='ocrx_word' id='word_1_75' title='bbox 1375 869 1587 937; x_wconf 86' lang='lat' dir='ltr'>prolata,</span> 
     </span>
     <span class='ocr_line' id='line_1_12' title="bbox 97 950 1588 1026; baseline -0.005 -20"><span class='ocrx_word' id='word_1_76' title='bbox 97 969 202 1006; x_wconf 76' lang='lat' dir='ltr'>met</span> <span class='ocrx_word' id='word_1_77' title='bbox 234 954 452 1026; x_wconf 86' lang='lat' dir='ltr'>pecunia</span> <span class='ocrx_word' id='word_1_78' title='bbox 495 953 658 1002; x_wconf 88' lang='lat' dir='ltr'>omnis</span> <span class='ocrx_word' id='word_1_79' title='bbox 691 971 720 1000; x_wconf 89' lang='lat' dir='ltr'>a</span> <span class='ocrx_word' id='word_1_80' title='bbox 766 950 967 1000; x_wconf 81' lang='lat' dir='ltr'>Staieno</span> <span class='ocrx_word' id='word_1_81' title='bbox 1001 963 1195 1000; x_wconf 83' lang='lat' dir='ltr'>extorta</span> <span class='ocrx_word' id='word_1_82' title='bbox 1230 963 1384 1018; x_wconf 84' lang='lat' dir='ltr'>atque</span> <span class='ocrx_word' id='word_1_83' title='bbox 1418 963 1588 1019; x_wconf 84' lang='lat' dir='ltr'>erepta</span> 
     </span>
     <span class='ocr_line' id='line_1_13' title="bbox 142 1033 1588 1102; baseline -0.005 -14"><span class='ocrx_word' id='word_1_84' title='bbox 142 1038 221 1089; x_wconf 82' lang='lat' dir='ltr'>sit.</span> <span class='ocrx_word' id='word_1_85' title='bbox 244 1035 413 1086; x_wconf 91' lang='lat' dir='ltr'>Huius</span> <span class='ocrx_word' id='word_1_86' title='bbox 445 1034 633 1084; x_wconf 86' lang='lat' dir='ltr'>Staieni</span> <span class='ocrx_word' id='word_1_87' title='bbox 669 1051 896 1101; x_wconf 87' lang='lat' dir='ltr'>persona,</span> <span class='ocrx_word' id='word_1_88' title='bbox 931 1034 1123 1102; x_wconf 87' lang='lat' dir='ltr'>populo</span> <span class='ocrx_word' id='word_1_89' title='bbox 1159 1033 1261 1083; x_wconf 89' lang='lat' dir='ltr'>iam</span> <span class='ocrx_word' id='word_1_90' title='bbox 1294 1046 1415 1082; x_wconf 89' lang='lat' dir='ltr'>nota</span> <span class='ocrx_word' id='word_1_91' title='bbox 1434 1046 1588 1100; x_wconf 84' lang='lat' dir='ltr'>atque</span> 
     </span>
     <span class='ocr_line' id='line_1_14' title="bbox 144 1116 1587 1191; baseline -0.001 -22"><span class='ocrx_word' id='word_1_92' title='bbox 144 1130 425 1191; x_wconf 84' lang='lat' dir='ltr'>perspecta,</span> <span class='ocrx_word' id='word_1_93' title='bbox 461 1116 525 1166; x_wconf 91' lang='lat' dir='ltr'>ab</span> <span class='ocrx_word' id='word_1_94' title='bbox 561 1116 706 1166; x_wconf 89' lang='lat' dir='ltr'>nulla</span> <span class='ocrx_word' id='word_1_95' title='bbox 742 1116 883 1184; x_wconf 82' lang='lat' dir='ltr'>turpi</span> <span class='ocrx_word' id='word_1_96' title='bbox 927 1116 1212 1184; x_wconf 87' lang='lat' dir='ltr'>suspicione</span> <span class='ocrx_word' id='word_1_97' title='bbox 1255 1116 1587 1167; x_wconf 83' lang='lat' dir='ltr'>abhorrebat:</span> 
     </span>
     <span class='ocr_line' id='line_1_15' title="bbox 140 1197 1588 1270; baseline -0.002 -19"><span class='ocrx_word' id='word_1_98' title='bbox 140 1216 460 1270; x_wconf 65' lang='lat' dir='ltr'>supplessam</span> <span class='ocrx_word' id='word_1_99' title='bbox 494 1215 594 1247; x_wconf 89' lang='lat' dir='ltr'>esse</span> <span class='ocrx_word' id='word_1_100' title='bbox 627 1198 692 1245; x_wconf 84' lang='lat' dir='ltr'>ab</span> <span class='ocrx_word' id='word_1_101' title='bbox 726 1214 784 1246; x_wconf 89' lang='lat' dir='ltr'>eo</span> <span class='ocrx_word' id='word_1_102' title='bbox 820 1197 1116 1266; x_wconf 84' lang='lat' dir='ltr'>pecuniam,</span> <span class='ocrx_word' id='word_1_103' title='bbox 1160 1215 1317 1264; x_wconf 85' lang='lat' dir='ltr'>quam</span> <span class='ocrx_word' id='word_1_104' title='bbox 1362 1217 1456 1267; x_wconf 89' lang='lat' dir='ltr'>pro</span> <span class='ocrx_word' id='word_1_105' title='bbox 1502 1215 1588 1248; x_wconf 86' lang='lat' dir='ltr'>reo</span> 
     </span>
     <span class='ocr_line' id='line_1_16' title="bbox 141 1279 1591 1357; baseline -0.003 -24"><span class='ocrx_word' id='word_1_106' title='bbox 141 1282 547 1357; x_wconf 83' lang='lat' dir='ltr'>pronuntiasset,</span> <span class='ocrx_word' id='word_1_107' title='bbox 592 1279 684 1346; x_wconf 90' lang='lat' dir='ltr'>qui</span> <span class='ocrx_word' id='word_1_108' title='bbox 720 1291 867 1328; x_wconf 88' lang='lat' dir='ltr'>erant</span> <span class='ocrx_word' id='word_1_109' title='bbox 902 1280 958 1328; x_wconf 90' lang='lat' dir='ltr'>in</span> <span class='ocrx_word' id='word_1_110' title='bbox 992 1280 1263 1339; x_wconf 87' lang='lat' dir='ltr'>concione,</span> <span class='ocrx_word' id='word_1_111' title='bbox 1300 1299 1406 1343; x_wconf 68' lang='lat' dir='ltr'>non</span> <span class='ocrx_word' id='word_1_112' title='bbox 1441 1281 1591 1330; x_wconf 90' lang='lat' dir='ltr'>intel-</span> 
     </span>
     <span class='ocr_line' id='line_1_17' title="bbox 94 1361 1589 1433; baseline 0.001 -23"><span class='ocrx_word' id='word_1_113' title='bbox 94 1363 383 1432; x_wconf 81' lang='lat' dir='ltr'>15ligebant.</span> <span class='ocrx_word' id='word_1_114' title='bbox 436 1364 612 1433; x_wconf 82' lang='lat' dir='ltr'>Neque</span> <span class='ocrx_word' id='word_1_115' title='bbox 646 1366 786 1411; x_wconf 88' lang='lat' dir='ltr'>enim</span> <span class='ocrx_word' id='word_1_116' title='bbox 819 1361 1149 1412; x_wconf 86' lang='lat' dir='ltr'>docebantur.</span> <span class='ocrx_word' id='word_1_117' title='bbox 1194 1363 1456 1413; x_wconf 87' lang='lat' dir='ltr'>Versatam</span> <span class='ocrx_word' id='word_1_118' title='bbox 1490 1380 1589 1412; x_wconf 88' lang='lat' dir='ltr'>esse</span> 
     </span>
     <span class='ocr_line' id='line_1_18' title="bbox 142 1445 1588 1513; baseline -0.001 -16"><span class='ocrx_word' id='word_1_119' title='bbox 142 1446 199 1499; x_wconf 91' lang='lat' dir='ltr'>in</span> <span class='ocrx_word' id='word_1_120' title='bbox 234 1445 427 1495; x_wconf 89' lang='lat' dir='ltr'>iudicio</span> <span class='ocrx_word' id='word_1_121' title='bbox 460 1445 774 1494; x_wconf 89' lang='lat' dir='ltr'>mentionem</span> <span class='ocrx_word' id='word_1_122' title='bbox 807 1445 1055 1513; x_wconf 84' lang='lat' dir='ltr'>pecuniae</span> <span class='ocrx_word' id='word_1_123' title='bbox 1087 1445 1402 1495; x_wconf 87' lang='lat' dir='ltr'>sentiebant:</span> <span class='ocrx_word' id='word_1_124' title='bbox 1440 1447 1588 1495; x_wconf 90' lang='lat' dir='ltr'>inno-</span> 
     </span>
     <span class='ocr_line' id='line_1_19' title="bbox 139 1525 1587 1578; baseline 0.001 -1"><span class='ocrx_word' id='word_1_125' title='bbox 139 1540 340 1577; x_wconf 85' lang='lat' dir='ltr'>centem</span> <span class='ocrx_word' id='word_1_126' title='bbox 375 1543 521 1576; x_wconf 89' lang='lat' dir='ltr'>reum</span> <span class='ocrx_word' id='word_1_127' title='bbox 554 1525 952 1575; x_wconf 87' lang='lat' dir='ltr'>condemnatum</span> <span class='ocrx_word' id='word_1_128' title='bbox 985 1544 1084 1576; x_wconf 86' lang='lat' dir='ltr'>esse</span> <span class='ocrx_word' id='word_1_129' title='bbox 1118 1526 1428 1578; x_wconf 74' lang='lat' dir='ltr'>audiebantt</span> <span class='ocrx_word' id='word_1_130' title='bbox 1470 1530 1587 1578; x_wconf 86' lang='lat' dir='ltr'>Sta-</span> 
     </span>
     <span class='ocr_line' id='line_1_20' title="bbox 138 1607 1588 1677; baseline 0 -18"><span class='ocrx_word' id='word_1_131' title='bbox 138 1609 246 1659; x_wconf 82' lang='lat' dir='ltr'>ieni</span> <span class='ocrx_word' id='word_1_132' title='bbox 278 1609 527 1659; x_wconf 85' lang='lat' dir='ltr'>sententia</span> <span class='ocrx_word' id='word_1_133' title='bbox 561 1607 958 1657; x_wconf 87' lang='lat' dir='ltr'>condemnatum</span> <span class='ocrx_word' id='word_1_134' title='bbox 991 1608 1259 1660; x_wconf 74' lang='lat' dir='ltr'>videbantt</span> <span class='ocrx_word' id='word_1_135' title='bbox 1293 1628 1400 1658; x_wconf 90' lang='lat' dir='ltr'>non</span> <span class='ocrx_word' id='word_1_136' title='bbox 1434 1611 1588 1677; x_wconf 82' lang='lat' dir='ltr'>gratis</span> 
     </span>
     <span class='ocr_line' id='line_1_21' title="bbox 137 1689 1590 1757; baseline 0.001 -17"><span class='ocrx_word' id='word_1_137' title='bbox 137 1690 196 1740; x_wconf 85' lang='lat' dir='ltr'>id</span> <span class='ocrx_word' id='word_1_138' title='bbox 228 1690 293 1740; x_wconf 90' lang='lat' dir='ltr'>ab</span> <span class='ocrx_word' id='word_1_139' title='bbox 326 1707 385 1739; x_wconf 90' lang='lat' dir='ltr'>eo</span> <span class='ocrx_word' id='word_1_140' title='bbox 420 1689 614 1741; x_wconf 84' lang='lat' dir='ltr'>factum</span> <span class='ocrx_word' id='word_1_141' title='bbox 649 1707 762 1748; x_wconf 90' lang='lat' dir='ltr'>esse,</span> <span class='ocrx_word' id='word_1_142' title='bbox 798 1689 939 1757; x_wconf 85' lang='lat' dir='ltr'>quod</span> <span class='ocrx_word' id='word_1_143' title='bbox 973 1690 1235 1739; x_wconf 86' lang='lat' dir='ltr'>hominem</span> <span class='ocrx_word' id='word_1_144' title='bbox 1272 1704 1475 1752; x_wconf 85' lang='lat' dir='ltr'>norant,</span> <span class='ocrx_word' id='word_1_145' title='bbox 1511 1694 1590 1741; x_wconf 87' lang='lat' dir='ltr'>iu-</span> 
     </span>
     <span class='ocr_line' id='line_1_22' title="bbox 78 1770 1587 1833; baseline 0.004 -15"><span class='ocrx_word' id='word_1_146' title='bbox 78 1770 390 1821; x_wconf 73' lang='lat' dir='ltr'>nodieabant.</span> <span class='ocrx_word' id='word_1_147' title='bbox 477 1770 665 1821; x_wconf 87' lang='lat' dir='ltr'>Similis</span> <span class='ocrx_word' id='word_1_148' title='bbox 710 1770 766 1820; x_wconf 91' lang='lat' dir='ltr'>in</span> <span class='ocrx_word' id='word_1_149' title='bbox 816 1771 1004 1831; x_wconf 89' lang='lat' dir='ltr'>Bulbo,</span> <span class='ocrx_word' id='word_1_150' title='bbox 1059 1772 1116 1821; x_wconf 88' lang='lat' dir='ltr'>in</span> <span class='ocrx_word' id='word_1_151' title='bbox 1150 1774 1337 1833; x_wconf 89' lang='lat' dir='ltr'>Gutta,</span> <span class='ocrx_word' id='word_1_152' title='bbox 1374 1775 1431 1823; x_wconf 89' lang='lat' dir='ltr'>in</span> <span class='ocrx_word' id='word_1_153' title='bbox 1472 1775 1587 1825; x_wconf 91' lang='lat' dir='ltr'>aliis</span> 
     </span>
     <span class='ocr_line' id='line_1_23' title="bbox 137 1853 1580 1923; baseline 0.001 -19"><span class='ocrx_word' id='word_1_154' title='bbox 137 1853 408 1904; x_wconf 90' lang='lat' dir='ltr'>nonnullis</span> <span class='ocrx_word' id='word_1_155' title='bbox 450 1853 667 1922; x_wconf 88' lang='lat' dir='ltr'>suspicio</span> <span class='ocrx_word' id='word_1_156' title='bbox 712 1854 1057 1904; x_wconf 63' lang='lat' dir='ltr'>consistebat.&gt;</span> <span class='ocrx_word' id='word_1_157' title='bbox 1107 1858 1288 1923; x_wconf 87' lang='lat' dir='ltr'>Itaque</span> <span class='ocrx_word' id='word_1_158' title='bbox 1321 1857 1580 1918; x_wconf 85' lang='lat' dir='ltr'>confiteor,</span> 
     </span>
     <span class='ocr_line' id='line_1_24' title="bbox 137 1933 1582 2005; baseline 0.005 -21"><span class='ocrx_word' id='word_1_159' title='bbox 137 1933 279 1998; x_wconf 88' lang='lat' dir='ltr'>(licet</span> <span class='ocrx_word' id='word_1_160' title='bbox 310 1935 452 1984; x_wconf 89' lang='lat' dir='ltr'>enim</span> <span class='ocrx_word' id='word_1_161' title='bbox 485 1934 588 1984; x_wconf 91' lang='lat' dir='ltr'>iam</span> <span class='ocrx_word' id='word_1_162' title='bbox 621 1934 858 2003; x_wconf 88' lang='lat' dir='ltr'>impune,</span> <span class='ocrx_word' id='word_1_163' title='bbox 906 1935 1002 1984; x_wconf 86' lang='lat' dir='ltr'>hoc</span> <span class='ocrx_word' id='word_1_164' title='bbox 1035 1938 1332 2005; x_wconf 87' lang='lat' dir='ltr'>praesertim</span> <span class='ocrx_word' id='word_1_165' title='bbox 1367 1940 1424 1989; x_wconf 89' lang='lat' dir='ltr'>in</span> <span class='ocrx_word' id='word_1_166' title='bbox 1457 1942 1582 2002; x_wconf 91' lang='lat' dir='ltr'>loco,</span> 
     </span>
     <span class='ocr_line' id='line_1_25' title="bbox 135 2015 1583 2085; baseline 0.003 -18"><span class='ocrx_word' id='word_1_167' title='bbox 135 2015 426 2080; x_wconf 86' lang='lat' dir='ltr'>confiteri,)</span> <span class='ocrx_word' id='word_1_168' title='bbox 471 2015 613 2085; x_wconf 88' lang='lat' dir='ltr'>quod</span> <span class='ocrx_word' id='word_1_169' title='bbox 659 2015 935 2084; x_wconf 87' lang='lat' dir='ltr'>Oppianici</span> <span class='ocrx_word' id='word_1_170' title='bbox 986 2035 1092 2066; x_wconf 89' lang='lat' dir='ltr'>non</span> <span class='ocrx_word' id='word_1_171' title='bbox 1136 2017 1286 2067; x_wconf 89' lang='lat' dir='ltr'>modo</span> <span class='ocrx_word' id='word_1_172' title='bbox 1330 2020 1461 2078; x_wconf 86' lang='lat' dir='ltr'>vita,</span> <span class='ocrx_word' id='word_1_173' title='bbox 1498 2023 1583 2071; x_wconf 88' lang='lat' dir='ltr'>sed</span> 
     </span>
     <span class='ocr_line' id='line_1_26' title="bbox 135 2098 1582 2170; baseline 0.003 -20"><span class='ocrx_word' id='word_1_174' title='bbox 135 2099 290 2151; x_wconf 81' lang='lat' dir='ltr'>etiam</span> <span class='ocrx_word' id='word_1_175' title='bbox 325 2117 515 2150; x_wconf 86' lang='lat' dir='ltr'>nomen</span> <span class='ocrx_word' id='word_1_176' title='bbox 548 2111 666 2149; x_wconf 89' lang='lat' dir='ltr'>ante</span> <span class='ocrx_word' id='word_1_177' title='bbox 703 2098 837 2148; x_wconf 81' lang='lat' dir='ltr'>illud</span> <span class='ocrx_word' id='word_1_178' title='bbox 873 2110 1073 2170; x_wconf 84' lang='lat' dir='ltr'>tempus</span> <span class='ocrx_word' id='word_1_179' title='bbox 1105 2101 1301 2169; x_wconf 87' lang='lat' dir='ltr'>populo</span> <span class='ocrx_word' id='word_1_180' title='bbox 1349 2101 1582 2170; x_wconf 83' lang='lat' dir='ltr'>ignotum</span> 
     </span>
    </p>
   </div>
   <div class='ocr_carea' id='block_1_6' title="bbox 130 2233 1583 2692">
    <p class='ocr_par' dir='ltr' id='par_1_6' title="bbox 243 2233 510 2287">
     <span class='ocr_line' id='line_1_27' title="bbox 243 2233 510 2287; baseline -0.007 -15"><span class='ocrx_word' id='word_1_181' title='bbox 243 2244 288 2287; x_wconf 88' lang='lat'>9.</span> <span class='ocrx_word' id='word_1_182' title='bbox 319 2239 439 2287; x_wconf 85' lang='lat' dir='ltr'>atque</span> <span class='ocrx_word' id='word_1_183' title='bbox 467 2233 510 2271; x_wconf 90' lang='lat' dir='ltr'>in</span> 
     </span>
    </p>

    <p class='ocr_par' dir='ltr' id='par_1_7' title="bbox 130 2361 1583 2692">
     <span class='ocr_line' id='line_1_28' title="bbox 223 2361 1581 2415; baseline 0.002 -15"><span class='ocrx_word' id='word_1_184' title='bbox 223 2365 256 2400; x_wconf 82' lang='lat'>3.</span> <span class='ocrx_word' id='word_1_185' title='bbox 282 2365 355 2399; x_wconf 84' lang='lat' dir='ltr'>mei</span> <span class='ocrx_word' id='word_1_186' title='bbox 402 2377 470 2402; x_wconf 88' lang='lat' dir='ltr'>om.</span> <span class='ocrx_word' id='word_1_187' title='bbox 496 2363 548 2397; x_wconf 83' lang='grc' dir='ltr'>λν</span> <span class='ocrx_word' id='word_1_188' title='bbox 638 2361 763 2410; x_wconf 88' lang='lat' dir='ltr'>noctu]</span> <span class='ocrx_word' id='word_1_189' title='bbox 792 2366 878 2396; x_wconf 86' lang='lat' dir='ltr'>nota</span> <span class='ocrx_word' id='word_1_190' title='bbox 902 2373 926 2395; x_wconf 79' lang='grc' dir='ltr'><strong><em>α</em></strong></span> <span class='ocrx_word' id='word_1_191' title='bbox 1033 2363 1063 2408; x_wconf 75' lang='grc'>4.</span> <span class='ocrx_word' id='word_1_192' title='bbox 1097 2364 1289 2399; x_wconf 82' lang='lat' dir='ltr'>accersitus</span> <span class='ocrx_word' id='word_1_193' title='bbox 1326 2366 1396 2400; x_wconf 83' lang='lat' dir='ltr'>AB</span> <span class='ocrx_word' id='word_1_194' title='bbox 1408 2366 1458 2400; x_wconf 85' lang='lat' dir='ltr'>ab</span> <span class='ocrx_word' id='word_1_195' title='bbox 1470 2378 1581 2415; x_wconf 75' lang='lat' dir='ltr'>cprs</span> 
     </span>
     <span class='ocr_line' id='line_1_29' title="bbox 130 2411 1579 2458; baseline 0.001 -11"><span class='ocrx_word' id='word_1_196' title='bbox 130 2412 330 2458; x_wconf 67' lang='grc' dir='ltr'><strong><em>τυακλμ</em></strong></span> <span class='ocrx_word' id='word_1_197' title='bbox 424 2412 615 2444; x_wconf 73' lang='lat' dir='ltr'>arcessitus</span> <span class='ocrx_word' id='word_1_198' title='bbox 643 2411 672 2444; x_wconf 77' lang='lat' dir='ltr'><em>R</em></span> <span class='ocrx_word' id='word_1_199' title='bbox 718 2411 817 2456; x_wconf 79' lang='lat' dir='ltr'><em>vulg.</em></span> <span class='ocrx_word' id='word_1_200' title='bbox 940 2422 972 2455; x_wconf 90' lang='lat'>7.</span> <span class='ocrx_word' id='word_1_201' title='bbox 998 2415 1040 2445; x_wconf 86' lang='lat' dir='ltr'>ut</span> <span class='ocrx_word' id='word_1_202' title='bbox 1063 2421 1146 2444; x_wconf 85' lang='lat' dir='ltr'>eum</span> <span class='ocrx_word' id='word_1_203' title='bbox 1177 2422 1282 2446; x_wconf 84' lang='lat' dir='ltr'>serm.</span> <span class='ocrx_word' id='word_1_204' title='bbox 1321 2413 1403 2446; x_wconf 86' lang='lat' dir='ltr'>aud.</span> <span class='ocrx_word' id='word_1_205' title='bbox 1436 2426 1579 2448; x_wconf 87' lang='lat' dir='ltr'>omnem</span> 
     </span>
     <span class='ocr_line' id='line_1_30' title="bbox 133 2456 1583 2505; baseline 0 -12"><span class='ocrx_word' id='word_1_206' title='bbox 133 2457 164 2493; x_wconf 85' lang='lat' dir='ltr'><em>C</em></span> <span class='ocrx_word' id='word_1_207' title='bbox 253 2459 285 2492; x_wconf 83' lang='lat'>8.</span> <span class='ocrx_word' id='word_1_208' title='bbox 321 2458 482 2505; x_wconf 81' lang='lat' dir='ltr'>propter]</span> <span class='ocrx_word' id='word_1_209' title='bbox 544 2467 657 2503; x_wconf 85' lang='lat' dir='ltr'>prope</span> <span class='ocrx_word' id='word_1_210' title='bbox 686 2456 896 2503; x_wconf 62' lang='lat' dir='ltr'>bcfgoesss</span> <span class='ocrx_word' id='word_1_211' title='bbox 916 2458 1166 2502; x_wconf 76' lang='grc' dir='ltr'><em>ηκλμνξοπ</em></span> <span class='ocrx_word' id='word_1_212' title='bbox 1329 2471 1360 2504; x_wconf 85' lang='grc'>9.</span> <span class='ocrx_word' id='word_1_213' title='bbox 1397 2466 1434 2494; x_wconf 90' lang='lat' dir='ltr'>et</span> <span class='ocrx_word' id='word_1_214' title='bbox 1471 2464 1583 2496; x_wconf 82' lang='lat' dir='ltr'>ABG</span> 
     </span>
     <span class='ocr_line' id='line_1_31' title="bbox 131 2503 1582 2554; baseline 0.001 -16"><span class='ocrx_word' id='word_1_215' title='bbox 131 2503 479 2554; x_wconf 69' lang='lat' dir='ltr'>abckpqrstuw</span> <span class='ocrx_word' id='word_1_216' title='bbox 495 2514 573 2547; x_wconf 77' lang='grc' dir='ltr'>αεη</span> <span class='ocrx_word' id='word_1_217' title='bbox 648 2509 757 2548; x_wconf 82' lang='lat' dir='ltr'>atque</span> <span class='ocrx_word' id='word_1_218' title='bbox 780 2505 809 2537; x_wconf 86' lang='lat' dir='ltr'><em>R</em></span> <span class='ocrx_word' id='word_1_219' title='bbox 841 2504 941 2537; x_wconf 59' lang='lat' dir='ltr'>vul-³.</span> <span class='ocrx_word' id='word_1_220' title='bbox 997 2516 1081 2539; x_wconf 79' lang='grc' dir='ltr'>ιο.τι</span> <span class='ocrx_word' id='word_1_221' title='bbox 1110 2517 1175 2538; x_wconf 90' lang='lat' dir='ltr'>om.</span> <span class='ocrx_word' id='word_1_222' title='bbox 1207 2505 1236 2538; x_wconf 90' lang='lat' dir='ltr'><em>C</em></span> <span class='ocrx_word' id='word_1_223' title='bbox 1294 2517 1344 2541; x_wconf 82' lang='grc' dir='ltr'>ιι.</span> <span class='ocrx_word' id='word_1_224' title='bbox 1370 2507 1419 2542; x_wconf 86' lang='lat' dir='ltr'>sit</span> <span class='ocrx_word' id='word_1_225' title='bbox 1454 2521 1524 2545; x_wconf 79' lang='lat' dir='ltr'>om,</span> <span class='ocrx_word' id='word_1_226' title='bbox 1549 2511 1582 2544; x_wconf 85' lang='grc' dir='ltr'><strong><em>Β</em></strong></span> 
     </span>
     <span class='ocr_line' id='line_1_32' title="bbox 138 2550 1580 2597; baseline -0.001 -13"><span class='ocrx_word' id='word_1_227' title='bbox 138 2562 186 2585; x_wconf 76' lang='lat'>12.</span> <span class='ocrx_word' id='word_1_228' title='bbox 212 2550 261 2585; x_wconf 68' lang='lat' dir='ltr'>ab&#39;</span> <span class='ocrx_word' id='word_1_229' title='bbox 283 2564 351 2586; x_wconf 89' lang='lat' dir='ltr'>om.</span> <span class='ocrx_word' id='word_1_230' title='bbox 377 2553 450 2586; x_wconf 84' lang='grc' dir='ltr'>ΑΒ</span> <span class='ocrx_word' id='word_1_231' title='bbox 596 2554 646 2588; x_wconf 80' lang='lat'>13.</span> <span class='ocrx_word' id='word_1_232' title='bbox 673 2561 750 2584; x_wconf 86' lang='lat' dir='ltr'>esse</span> <span class='ocrx_word' id='word_1_233' title='bbox 776 2562 843 2586; x_wconf 88' lang='lat' dir='ltr'>om.</span> <span class='ocrx_word' id='word_1_234' title='bbox 871 2552 901 2585; x_wconf 91' lang='lat' dir='ltr'><em>B</em></span> <span class='ocrx_word' id='word_1_235' title='bbox 957 2552 1004 2594; x_wconf 76' lang='grc'>14,</span> <span class='ocrx_word' id='word_1_236' title='bbox 1034 2553 1258 2597; x_wconf 82' lang='lat' dir='ltr'>promisisset</span> <span class='ocrx_word' id='word_1_237' title='bbox 1285 2564 1319 2584; x_wconf 87' lang='lat' dir='ltr'><em>m</em></span> <span class='ocrx_word' id='word_1_238' title='bbox 1418 2558 1468 2591; x_wconf 75' lang='lat'>16,</span> <span class='ocrx_word' id='word_1_239' title='bbox 1494 2567 1580 2590; x_wconf 63' lang='lat' dir='ltr'>sen-</span> 
     </span>
     <span class='ocr_line' id='line_1_33' title="bbox 130 2596 1579 2648; baseline -0.001 -16"><span class='ocrx_word' id='word_1_240' title='bbox 130 2597 274 2632; x_wconf 79' lang='lat' dir='ltr'>tiebant</span> <span class='ocrx_word' id='word_1_241' title='bbox 300 2597 375 2633; x_wconf 86' lang='lat' dir='ltr'>cod.</span> <span class='ocrx_word' id='word_1_242' title='bbox 404 2599 525 2635; x_wconf 86' lang='lat' dir='ltr'>Lamb.</span> <span class='ocrx_word' id='word_1_243' title='bbox 623 2622 630 2630; x_wconf 90' lang='lat'>.</span> <span class='ocrx_word' id='word_1_244' title='bbox 648 2623 654 2630; x_wconf 93' lang='lat'>.</span> <span class='ocrx_word' id='word_1_245' title='bbox 671 2622 679 2631; x_wconf 82' lang='grc'><em>.</em></span> <span class='ocrx_word' id='word_1_246' title='bbox 699 2624 705 2629; x_wconf 93' lang='grc'><strong>.</strong></span> <span class='ocrx_word' id='word_1_247' title='bbox 735 2596 846 2631; x_wconf 73' lang='lat' dir='ltr'>ebant</span> <span class='ocrx_word' id='word_1_248' title='bbox 873 2611 955 2644; x_wconf 77' lang='lat' dir='ltr'>prs</span> <span class='ocrx_word' id='word_1_249' title='bbox 976 2607 1023 2632; x_wconf 83' lang='lat' dir='ltr'>tu</span> <span class='ocrx_word' id='word_1_250' title='bbox 1121 2599 1270 2631; x_wconf 78' lang='lat' dir='ltr'>aiebant</span> <span class='ocrx_word' id='word_1_251' title='bbox 1294 2608 1317 2631; x_wconf 84' lang='grc' dir='ltr'>οι</span> <span class='ocrx_word' id='word_1_252' title='bbox 1423 2613 1473 2648; x_wconf 87' lang='lat'>¹7·</span> <span class='ocrx_word' id='word_1_253' title='bbox 1501 2614 1579 2637; x_wconf 68' lang='lat' dir='ltr'>esse</span> 
     </span>
     <span class='ocr_line' id='line_1_34' title="bbox 130 2643 1578 2692; baseline 0.001 -14"><span class='ocrx_word' id='word_1_254' title='bbox 130 2643 212 2678; x_wconf 80' lang='lat' dir='ltr'>aud.</span> <span class='ocrx_word' id='word_1_255' title='bbox 238 2663 278 2671; x_wconf 87' lang='lat'>-</span> <span class='ocrx_word' id='word_1_256' title='bbox 306 2645 583 2680; x_wconf 71' lang='lat' dir='ltr'>condemnatum</span> <span class='ocrx_word' id='word_1_257' title='bbox 615 2656 679 2679; x_wconf 85' lang='lat' dir='ltr'>om.</span> <span class='ocrx_word' id='word_1_258' title='bbox 712 2645 779 2678; x_wconf 79' lang='lat' dir='ltr'>AB</span> <span class='ocrx_word' id='word_1_259' title='bbox 889 2657 964 2679; x_wconf 81' lang='lat' dir='ltr'>esse</span> <span class='ocrx_word' id='word_1_260' title='bbox 992 2657 1049 2680; x_wconf 89' lang='lat' dir='ltr'>om</span> <span class='ocrx_word' id='word_1_261' title='bbox 1067 2645 1095 2678; x_wconf 88' lang='lat' dir='ltr'><strong><em>C</em></strong></span> <span class='ocrx_word' id='word_1_262' title='bbox 1119 2645 1418 2692; x_wconf 74' lang='lat' dir='ltr'>abcnpr·stuoe</span> <span class='ocrx_word' id='word_1_263' title='bbox 1504 2661 1578 2683; x_wconf 76' lang='lat' dir='ltr'>au·-</span> 
     </span>
    </p>
   </div>
   <div class='ocr_carea' id='block_1_7' title="bbox 130 2689 1581 2744">
    <p class='ocr_par' dir='ltr' id='par_1_8' title="bbox 130 2689 1581 2744">
     <span class='ocr_line' id='line_1_35' title="bbox 130 2689 1581 2744; baseline 0.003 -19"><span class='ocrx_word' id='word_1_264' title='bbox 130 2689 297 2743; x_wconf 69' lang='lat' dir='ltr'>diebnntl</span> <span class='ocrx_word' id='word_1_265' title='bbox 357 2692 531 2732; x_wconf 66' lang='lat' dir='ltr'>videbant</span> <span class='ocrx_word' id='word_1_266' title='bbox 558 2704 581 2727; x_wconf 80' lang='grc' dir='ltr'>α</span> <span class='ocrx_word' id='word_1_267' title='bbox 668 2702 725 2729; x_wconf 79' lang='lat'>20.</span> <span class='ocrx_word' id='word_1_268' title='bbox 752 2691 867 2725; x_wconf 81' lang='lat' dir='ltr'>Gucta</span> <span class='ocrx_word' id='word_1_269' title='bbox 894 2695 923 2726; x_wconf 81' lang='lat' dir='ltr'><em>A</em></span> <span class='ocrx_word' id='word_1_270' title='bbox 1018 2704 1071 2727; x_wconf 69' lang='grc' dir='ltr'>αι.</span> <span class='ocrx_word' id='word_1_271' title='bbox 1093 2691 1251 2737; x_wconf 72' lang='lat' dir='ltr'>suspicio</span> <span class='ocrx_word' id='word_1_272' title='bbox 1276 2691 1308 2725; x_wconf 85' lang='grc' dir='ltr'>Ιι.</span> <span class='ocrx_word' id='word_1_273' title='bbox 1329 2692 1352 2727; x_wconf 80' lang='lat' dir='ltr'>l.</span> <span class='ocrx_word' id='word_1_274' title='bbox 1392 2693 1517 2744; x_wconf 79' lang='lat' dir='ltr'>dejicit</span> <span class='ocrx_word' id='word_1_275' title='bbox 1552 2697 1581 2729; x_wconf 86' lang='lat' dir='ltr'><em>C</em></span> 
     </span>
    </p>
   </div>
   <div class='ocr_carea' id='block_1_8' title="bbox 1623 1040 1686 1086">
    <p class='ocr_par' dir='ltr' id='par_1_9' title="bbox 1623 1040 1686 1086">
     <span class='ocr_line' id='line_1_36' title="bbox 1623 1040 1686 1086; baseline 0.032 -2"><span class='ocrx_word' id='word_1_276' title='bbox 1623 1040 1686 1086; x_wconf 78' lang='lat'>29</span> 
     </span>
    </p>
   </div>
   <div class='ocr_carea' id='block_1_9' title="bbox 1615 1871 1667 1912">
    <p class='ocr_par' dir='ltr' id='par_1_10' title="bbox 1615 1871 1667 1912">
     <span class='ocr_line' id='line_1_37' title="bbox 1615 1871 1667 1912; baseline 0 0"><span class='ocrx_word' id='word_1_277' title='bbox 1615 1871 1667 1912; x_wconf 87' lang='lat'>79</span> 
     </span>
    </p>
   </div>
  </div>
 </body>
</html>
