1846 3178
693 138 928 179 CRITicA.
1434 142 1527 184 201*

94 264 134 305 in
161 263 393 304 universum
429 261 640 311 indicatur,
682 259 1021 316 quemadmodum
1048 257 1151 297 infra
1181 271 1223 310 p.
1264 269 1352 309 109,
1385 254 1422 298 5.
1453 267 1528 308 pro

94 337 207 376 Mur.
239 350 274 375 c.
309 348 368 375 ιι.
394 332 473 386 αἶ4ε
519 334 680 374 consilio
717 342 831 390 atque
866 333 1044 372 oratione
1081 338 1120 370 et
1144 334 1295 367 senatus
1327 334 1366 365 et
1385 325 1531 381 populi

94 400 138 449 et*
156 421 288 448 eorum
316 406 385 462 qui
412 420 473 444 res
500 401 690 454 iddieant,
721 413 864 443 mentes
887 415 1132 458 permovere.

208 491 282 532 109
296 507 307 524 ‚
349 475 387 529 4.
421 485 554 530 ageret
588 489 675 515 cnm
716 475 789 514 illa
826 482 983 525 cancta,
1010 487 1109 528 quae
1138 480 1217 511 tum
1245 477 1358 521 erat,
1387 467 1512 507 nobili
1524 490 1532 499 ι

95 547 194 604 tate]
249 547 479 588 Certissima
506 547 629 587 huius
659 547 736 586 loci
763 546 1011 597 constitutio,
1039 543 1199 598 qualem
1228 556 1320 582 cum
1345 538 1533 579 omnibus

95 619 385 661 recentioribus
445 619 665 659 editoribus
729 616 982 657 exhibuimus
1005 646 1017 665 ‚
1065 616 1265 669 Hei-vagio
1282 645 1293 667 ‚
1336 617 1533 668 quantum

97 691 242 740 video,
287 691 470 732 debetur.
539 691 678 733 Inanis
713 689 964 730 difficultates
995 690 1122 728 movit
1157 687 1352 727 Graevius
1379 684 1430 723 de
1456 696 1532 722 usu

97 764 274 805 nominis
318 764 531 812 nobilitas,
568 762 678 818 quod
719 762 795 802 nisi
844 776 890 801 ex
932 762 1017 815 ipso
1052 759 1244 799 Cicerone
1281 762 1532 810 compertum

98 833 304 875 habuisset
345 835 432 888 (cir⁴
463 835 578 878 Verr.
621 834 696 873 IV.
737 834 802 887 37.
833 832 880 872 81
905 847 916 871 ε
956 846 1031 871 nae
1065 832 1140 870 ista
1173 829 1387 885 praeclara
1424 826 1535 866 nobi-

97 905 189 945 litas
225 906 379 946 desinat
409 907 538 961 queri.
584 919 656 959 pro
685 904 731 943 C.
777 903 878 942 Rab.
916 917 956 956 7.
1001 915 1080 940 21:
1134 913 1252 955 quum
1286 907 1426 938 cuncta
1462 912 1536 938 no-

97 977 234 1017 bilitas
259 991 308 1016 ae
331 978 509 1017 iuventus
536 974 790 1030 accurreret),
810 988 854 1013 ex
885 971 1075 1012 Sallustio
1103 978 1236 1010 tamen
1263 977 1304 1009 et
1334 970 1451 1009 Livio
1470 984 1538 1009 no-

98 1047 298 1088 tissimum
324 1062 408 1088 esse
435 1047 605 1086 debebat
631 1060 706 1099 pro
734 1044 924 1084 nobilibus
949 1057 1066 1096 saepe
1095 1043 1215 1096 poni:
1239 1041 1310 1082 cfr.
1338 1041 1431 1080 Sall.
1447 1042 1536 1095 Iug-

100 1134 138 1159 e.
176 1120 242 1160 13:
277 1120 320 1159 in
349 1119 528 1158 avaritia
556 1117 770 1157 nobilitatis
798 1123 838 1155 et
866 1116 908 1155 in
935 1115 1105 1168 gratiam
1131 1122 1170 1152 et
1176 1115 1371 1166 favorem
1395 1113 1541 1153 nobili-

103 1191 211 1230 tatis.
242 1191 332 1232 Liv.
366 1189 424 1229 1V
439 1218 451 1240 ,
487 1190 533 1230 51
555 1203 566 1228 ε
592 1188 840 1244 pertinacem
868 1187 1114 1226 nobilitatem
1142 1199 1221 1224 esse
1248 1186 1291 1223 in
1330 1183 1542 1223 retinendis

97 1261 265 1317 publicis
291 1262 412 1314 agris.
444 1261 521 1310 Vl,
548 1261 598 1302 5:
629 1261 749 1299 multo
777 1274 863 1299 eum
894 1260 1132 1311 itfizstiorem
1159 1271 1299 1310 agrum
1321 1257 1371 1296 ab
1398 1257 1541 1296 nohili-

99 1326 177 1373 tate
203 1347 296 1382 esse,
326 1346 447 1388 quam
474 1346 502 1372 ιι
537 1331 690 1372 Volscis
699 1332 847 1383 ficet-it.

217 1418 259 1460 9.
289 1406 478 1460 ceterique
507 1403 770 1443 huiuscemodi
794 1401 971 1456 ordinis]
1017 1402 1128 1442 Haec
1153 1400 1266 1441 nullo
1293 1400 1413 1440 modo
1439 1407 1544 1441 stare

108 1482 290 1531 possunt,
320 1489 453 1529 neque
479 1473 605 1514 ullam
635 1474 884 1527 probabilem
920 1473 1183 1527 interpretum
1226 1471 1545 1511 emendationem

106 1545 214 1587 vidi:
262 1544 439 1600 prImum
480 1559 572 1585 voe.
611 1544 876 1584 huiuscemodi
909 1558 954 1583 ex
980 1544 1183 1597 superiore
1203 1542 1292 1582 loco
1319 1542 1400 1582 hue
1429 1544 1546 1582 aber-

107 1629 217 1656 rasse
248 1615 431 1656 videtur:
464 1615 610 1671 legitur
637 1615 744 1656 enim
771 1617 877 1654 intra
902 1616 1022 1654 unius
1050 1616 1216 1668 paginae
1245 1616 1416 1669 spatium
1445 1629 1548 1669 qua-

105 1695 169 1730 ter
190 1719 202 1738 ‚
234 1688 344 1744 quod
371 1703 441 1744 per
471 1703 513 1729 se
541 1689 636 1728 satis
664 1695 764 1728 esset
795 1688 1024 1727 mirandum
1056 1687 1172 1740 (108,
1219 1687 1283 1728 16.
1323 1700 1412 1740 109,
1442 1686 1484 1726 6.
1519 1700 1549 1741 9

105 1769 148 1803 et
186 1765 278 1813 21):
319 1769 407 1802 tum
445 1776 518 1816 pro
554 1763 742 1818 celerique
781 1776 814 1801 s.
859 1764 1082 1816 ceterisque,
1121 1760 1232 1814 quod
1268 1760 1310 1798 in
1345 1757 1551 1797 nonnullis

107 1833 228 1874 codd.
257 1842 437 1889 apparet,
465 1835 723 1891 eqzoestrz‘sqne
752 1832 965 1887 legendum
1006 1847 1091 1872 esse
1120 1845 1287 1872 censeo:
1328 1831 1395 1869 vix
1428 1829 1550 1868 absti-

108 1906 206 1958 nui,
250 1907 349 1961 quin
385 1905 491 1946 hanc
519 1908 773 1960 scripturam,
804 1919 907 1960 quae
933 1905 1152 1945 certissima
1171 1903 1271 1943 mihi
1298 1902 1475 1952 videtur,
1508 1900 1550 1939 in

108 1976 293 2017 ordinem
330 1976 594 2017 admitterem.
659 1977 764 2016 Satis
808 1984 986 2030 apparet,
1013 1978 1056 2015 in
1092 1976 1169 2015 hoc
1196 1981 1328 2014 tractu
1357 1974 1551 2013 orationis

109 2055 284 2101 nostrae,
317 2048 388 2103 qui
413 2049 456 2088 in
484 2062 628 2102 magna
655 2055 768 2102 parte
796 2049 910 2088 MSS.
939 2062 1103 2103 prorsus
1131 2047 1347 2095 intercidit,
1379 2043 1553 2085 multum

109 2134 291 2175 peccasse
329 2120 595 2160 obscurorum
631 2120 889 2160 librariorum
924 2119 1207 2174 negligentiam
1249 2126 1319 2158 aut
1348 2118 1552 2157 temerita-

110 2198 220 2231 tem:
274 2189 399 2231 veluti
437 2204 528 2230 mox
570 2205 612 2230 v.
651 2204 720 2229 21.
762 2190 933 2230 verbum
968 2192 1151 2243 anfractu
1189 2192 1322 2230 nescio
1368 2204 1414 2230 ex
1442 2190 1554 2229 cuius

110 2260 322 2317 magistelli
368 2261 550 2301 doctrina
590 2262 706 2302 nobis
733 2262 944 2302 obtrusum
972 2269 1059 2302 est:
1100 2277 1152 2303 ne
1179 2263 1261 2302 illic
1287 2261 1448 2316 quidem
1477 2264 1555 2300 im-

114 2341 335 2389 portunum
362 2335 462 2375 illud
491 2336 754 2375 huiuscemodi
779 2335 910 2375 bonae
936 2342 1055 2375 notae
1082 2350 1166 2375 esse
1190 2334 1486 2376 affirmaverim.
1503 2355 1556 2363 -

113 2405 303 2446 Ceterum
335 2406 490 2446 iuvabit
517 2421 610 2446 cum
637 2409 766 2461 capite
794 2414 931 2446 nostro
957 2406 1203 2446 simillimum
1230 2407 1366 2447 locum
1393 2418 1558 2459 compa·

112 2491 203 2518 rare
227 2492 272 2518 ex
299 2487 402 2519 orat.
423 2493 497 2533 pro
528 2479 630 2519 Rab.
657 2480 771 2519 Post.
801 2494 835 2519 c.
865 2495 901 2535 7³*
945 2480 1102 2519 Desunt
1130 2480 1186 2519 ibi
1214 2482 1256 2518 in
1284 2477 1403 2519 simili
1432 2477 1554 2516 hono-

115 2561 205 2587 rum
235 2551 536 2590 enumeratione
567 2550 754 2604 insignia,
782 2565 884 2605 quae
911 2551 953 2591 h.
976 2550 1004 2590 l.
1024 2550 1270 2590 Gulielmum
1307 2558 1347 2589 et
1387 2549 1558 2589 novissi-

115 2631 203 2658 mos
230 2619 402 2661 editores
431 2629 658 2662 vexarunt:
688 2621 757 2662 sed
784 2629 1034 2662 accesserunt
1063 2621 1155 2670 alia⁷
1188 2637 1290 2676 quae
1318 2630 1455 2662 nostro
1470 2621 1558 2661 loco

116 2689 425 2734 desiderantur:
471 2694 708 2748 sacerdotia,
747 2695 963 2749 triumphi,
1002 2693 1168 2749 denique
1209 2695 1341 2748 imago
1381 2696 1468 2747 ipsa
1503 2692 1563 2731 ad
