1846 3178
219 762 270 802 82

304 154 371 206 58
912 153 1121 195 oaArio

306 288 383 326 tra
419 278 565 326 reus?
616 276 870 334 Primum,
904 277 1005 326 iam
1038 277 1420 328 multitudinem
1453 278 1726 348 criminum

305 370 358 407 et
398 359 710 408 atrocitatem
757 358 1187 425 pertimescebam:
1237 358 1442 420 deinde,
1485 360 1727 420 Fabriciis
1768 385 1771 390 ·

306 452 516 508 propter
563 438 918 488 conscientiam
977 438 1075 486 mei
1119 439 1314 488 sceleris
1359 440 1726 502 condemnatis,

309 538 390 571 me
436 537 533 569 esse
566 519 956 569 condemnatum
975 558 988 579 ‚
1021 521 1321 572 sentiebamt
1364 536 1636 592 postremo,
1670 523 1727 574 in

305 619 423 650 eum
458 619 627 651 casum
658 618 917 659 veneram,
953 614 1013 650 ut
1046 601 1208 650 omnis
1241 620 1465 653 mearum
1495 603 1750 665 fortuna-5

306 700 422 730 rum
454 693 609 730 status
640 682 794 730 unius
831 681 1009 730 iudicii
1043 682 1268 750 periculo
1303 685 1660 736 contineretur.

432 764 554 828 Age,
615 762 859 828 quoniam
913 762 1271 831 corrumpendi
1333 763 1510 814 iudicii
1560 783 1729 816 causas

303 844 390 893 ille
421 845 605 895 multas
638 856 688 892 et
720 844 879 911 gravis
920 844 1121 903 babuit,
1168 844 1252 893 hic
1286 846 1508 897 nullamx
1564 847 1727 915 profe-

302 927 402 975 ctio
437 927 590 994 ipsius
624 926 868 993 pecuniae
900 927 1206 992 requiratur.
1272 926 1499 989 Confecit
1532 928 1726 978 tabulas

299 1007 675 1074 diligentissime
709 1007 985 1056 Cluentius.
1087 1009 1222 1056 Haec
1265 1022 1434 1058 autem
1467 1026 1542 1058 res
1573 1008 1778 1068 hahetio

297 1088 397 1138 hoc
433 1100 590 1146 certe,
624 1100 683 1137 ut
715 1088 847 1136 nihil
881 1088 1032 1156 possit
1066 1106 1230 1155 neque
1261 1089 1516 1149 additum,
1559 1106 1725 1157 neque

298 1170 585 1218 detractum
618 1168 680 1216 de
715 1187 768 1216 re
803 1169 1043 1217 familiari
1077 1171 1243 1218 latere.
1310 1172 1449 1220 Anni
1473 1183 1593 1220 sunt
1611 1183 1724 1223 octo

294 1269 458 1318 quum
501 1250 591 1299 ista
646 1268 791 1300 causa
857 1252 910 1298 in
955 1252 1045 1300 ista
1102 1251 1428 1301 meditatione
1469 1265 1722 1311 versatur,

293 1350 458 1399 quum
492 1331 688 1391 omnia,
721 1350 850 1399 quae
884 1332 949 1380 ad
983 1350 1091 1381 eam
1126 1350 1231 1380 rem
1266 1333 1550 1401 pertinent,
1583 1347 1634 1384 et
1665 1351 1725 1386 ex

290 1414 472 1471 huius,
519 1427 570 1463 et
610 1430 669 1462 ex
703 1415 920 1462 aliorum
956 1413 1139 1462 tabulis
1201 1413 1418 1480 agitatis,
1470 1414 1771 1475 tractatis‚15

289 1495 574 1563 inquiritis:
640 1514 803 1562 quum
866 1496 1057 1543 interea
1103 1496 1431 1544 Cluentianae
1479 1495 1724 1563 pecuniae

288 1577 552 1643 vestigium
589 1577 793 1623 nullum
828 1575 1077 1623 invenitis.
1146 1575 1285 1638 Quid
1319 1576 1534 1625 Albiana
1570 1592 1722 1643 pecu-

292 1655 414 1706 nia?
447 1655 725 1722 vestigiisne
758 1654 902 1703 nobis
937 1653 1191 1703 odoranda
1226 1668 1322 1715 est,
1360 1674 1426 1704 an
1459 1654 1522 1703 ad
1556 1656 1723 1724 ipsum

290 1739 484 1798 cubile,
523 1739 660 1787 vobis
694 1736 973 1795 iudicibus,
1007 1737 1178 1785 venire
1207 1737 1495 1805 possumus?
1526 1739 1722 1786 Tenen-

288 1831 378 1870 tur
405 1837 510 1869 uno
546 1818 602 1868 in
644 1820 753 1868 loco
795 1819 882 1867 HS
926 1835 1125 1870 locxm
1170 1829 1409 1866 tenentur
1450 1817 1589 1887 apud
1631 1817 1777 1872 houm

287 1903 478 1949 minem
521 1899 927 1949 audacissimum:
1001 1908 1241 1948 tenentur
1292 1897 1430 1967 apud
1484 1898 1719 1948 iudicem.

294 1981 436 2046 Quid
470 1983 621 2032 vultis
655 1982 907 2051 amplius?
953 1983 1019 2031 At
1051 1982 1188 2030 enim
1220 1981 1447 2032 Staienus
1480 2000 1585 2032 non
1615 1981 1719 2031 fuit

402 2124 435 2149 ι.
466 2112 591 2163 ipsam
620 2111 916 2151 multitudinem
944 2118 983 2151 et
1015 2110 1260 2150 atrocitatem
1291 2109 1504 2148 criminum
1652 2107 1715 2161 ¹4.

391 2179 493 2219 quae
521 2180 627 2206 nunc
655 2166 707 2205 ad
822 2181 884 2221 ¹9·
913 2166 1027 2206 vobis
1057 2165 1225 2205 ducibus

381 2289 404 2312 ι.
433 2278 500 2310 iam
528 2277 626 2310 ABb
651 2281 785 2320 (corrj
812 2278 926 2322 ipsam
955 2278 1027 2312 Ro
1062 2278 1251 2311 criminum
1279 2283 1316 2313 et
1338 2276 1563 2310 atrocitatem
1587 2274 1654 2308 AB
1677 2276 1715 2307 et

281 2330 390 2359 atroc.
416 2324 512 2357 crim.
550 2324 619 2357 ΒΟ
700 2324 730 2368 4.
757 2329 976 2369 postremum
1013 2322 1402 2370 adefghmpuaeg
1461 2323 1492 2357 5.
1527 2330 1648 2354 omnes
1682 2322 1715 2354 A

280 2374 313 2407 6.
341 2371 610 2405 continerentur
624 2372 655 2403 A
699 2382 735 2415 9,
751 2371 925 2415 pecuniae
941 2381 961 2402 a
977 2382 1047 2415 quo
1065 2371 1268 2416 requiratur
1284 2381 1307 2410 ς
1359 2379 1409 2403 ιο.
1435 2367 1494 2401 hic
1512 2373 1631 2399 autem
1648 2365 1711 2398 ha=

279 2419 344 2452 bet
365 2428 419 2451 res
449 2417 634 2450 obeeratas
659 2418 691 2450 A
765 2429 814 2451 ιι.
840 2417 908 2450 hoc
933 2415 1042 2463 certe]
1069 2416 1136 2449 hac
1163 2421 1279 2450 aetate
1306 2427 1330 2447 α
1372 2415 1427 2459 14.
1455 2424 1546 2460 quae
1568 2413 1611 2446 ad
1635 2413 1716 2447 AB·

279 2475 372 2507 quae
397 2475 492 2497 nunc
517 2462 562 2495 ad
587 2463 656 2495 Ro
729 2463 778 2498 15.
804 2464 908 2506 agitis
933 2459 1422 2509 adefgiklmnpqrstdC
1474 2472 1522 2504 ¹7·
1548 2458 1712 2492 Abbiana

277 2513 310 2544 A
386 2512 432 2543 18.
462 2509 562 2542 vobis
588 2510 648 2554 λμ
698 2509 902 2543 adornanda
929 2521 951 2540 α
1052 2521 1102 2552 ¹9·
1131 2508 1308 2541 iudicibus
1334 2508 1402 2541 AB
1460 2505 1610 2539 ducibus
1636 2506 1716 2539 Ro

276 2557 456 2601 possimus
482 2556 557 2590 klo
664 2566 718 2589 20.
745 2556 810 2590 HS
840 2568 906 2589 om.
932 2554 1218 2602 Bcdefghv¹5
1273 2566 1316 2588 nc
1339 2554 1503 2587 sestertia
1526 2564 1569 2585 xx.
1595 2551 1712 2584 millia

275 2601 421 2646 βγδεζ
468 2607 637 2635 sexcenta
663 2603 898 2648 quadraginta
934 2603 1048 2635 millia
1080 2612 1263 2635 nummum
1303 2599 1495 2646 θικλμξ
1555 2597 1710 2644 quadra-

275 2649 374 2692 ginta
400 2649 512 2681 millia
539 2659 722 2682 nummum
770 2661 795 2682 v
840 2659 1008 2681 numerus
1032 2659 1117 2682 vcxn
1142 2658 1365 2685 nummorum
1389 2658 1413 2679 α
1483 2645 1585 2692 πη]
1618 2655 1715 2685 ηιμ

276 2694 390 2740 millia
416 2697 446 2729 A
491 2707 582 2738 xxx-²4
606 2696 634 2729 B
730 2708 782 2731 22.
808 2694 913 2731 voltis
935 2695 1005 2730 AB
