1846 3178
301 169 365 218 66
714 206 724 222 ‚
900 164 1112 207 oRAT10

301 288 555 339 conferam
587 291 838 358 Syllamne
881 306 998 337 cum
1032 289 1212 338 Iunio?
1256 306 1322 336 an
1355 286 1495 336 bunc
1525 284 1720 335 Tribu-

299 388 425 420 num
453 371 612 439 plebis
647 389 763 419 cum
798 370 1075 433 Quinctio?
1114 389 1181 418 an
1216 387 1331 419 vero
1375 382 1570 437 tempus
1601 381 1723 417 cum

299 453 558 520 tempore?
622 451 752 510 Sylla
788 451 1016 501 maximis
1052 450 1257 518 opibus,
1291 450 1522 516 cognatis,
1554 448 1721 498 affini-

296 531 410 592 bus,
470 531 773 592 necessariis,
832 531 1102 580 clientibus
1148 531 1401 599 plurimis:
1457 530 1579 579 baec
1632 547 1720 578 au-

297 625 398 662 tem
444 612 581 681 apud
615 612 823 660 Iunium
856 629 1008 680 parva
1055 625 1106 660 et
1139 612 1340 660 infirma
1384 612 1620 680 etipsius
1651 612 1747 660 la-5

294 694 417 743 bore
461 694 683 762 quaesita
730 706 882 760 atque
916 694 1135 742 collecta.
1202 693 1300 741 Hic
1330 693 1590 742 Tribunus
1617 693 1720 761 ple-

293 775 370 824 bis
403 775 675 836 modestus,
710 775 926 843 pudens,
974 793 1079 823 non
1113 773 1263 822 modo
1299 792 1404 823 non
1434 773 1719 832 seditiosus,

293 857 378 907 sed
422 858 574 907 etiam
606 857 847 906 seditiosis
890 857 1219 906 adversarius:
1268 856 1354 904 ille
1387 865 1555 904 autem
1588 872 1721 903 acer-

291 940 411 999 bus,
447 939 763 997 criminosus,
814 939 1072 1009 popularis
1105 938 1256 987 homo
1289 955 1347 987 ac
1381 937 1720 986 turbulentus.

291 1022 509 1089 Tempus
549 1019 645 1069 hoc
687 1020 1025 1086 tranquillum
1070 1032 1221 1086 atque
1255 1021 1536 1088 placatum:
1585 1016 1773 1066 illudm

294 1101 530 1150 omnibus
563 1100 780 1149 invidiae
815 1101 1189 1168 tempestatibus
1221 1101 1542 1149 concitatum.
1577 1100 1723 1163 Quae
1767 1099 1772 1108 “

293 1201 456 1250 quum
491 1183 559 1232 ita
592 1194 777 1240 essent,
814 1183 867 1230 in
906 1184 1085 1231 Fausto
1123 1196 1289 1232 tamen
1323 1182 1399 1230 illi
1421 1180 1610 1230 iudices
1628 1194 1738 1230 sta·

294 1274 529 1320 tucrum,
578 1263 755 1329 iniqua
789 1262 1079 1311 conditione
1120 1280 1265 1311 reum
1299 1281 1496 1311 causam
1529 1262 1722 1324 dicere,-

293 1360 456 1409 quum
491 1342 768 1392 adversario
815 1344 922 1393 eius
963 1343 1028 1391 ad
1061 1344 1139 1392 ius
1171 1344 1499 1393 accusationis
1527 1362 1720 1394 summa

196 1431 257 1475 35
291 1424 363 1472 vis
396 1425 650 1494 potestatis
695 1424 961 1474 accederet.
1033 1425 1200 1487 Quam
1234 1425 1442 1493 quidem
1475 1426 1775 1475 rationem&-

214 1513 266 1567 95
298 1522 403 1563 vos‚
441 1502 641 1563 iudices,
666 1503 947 1571 diligenter,
984 1524 1077 1573 pro
1105 1518 1259 1554 vestra
1287 1506 1529 1574 sapientia
1556 1519 1606 1556 et
1627 1506 1724 1555 hu-

294 1586 559 1644 manitate,
605 1586 821 1652 cogitare
854 1599 903 1635 et
938 1586 1139 1654 penitus
1184 1588 1460 1655 perspicere
1504 1587 1721 1647 debetis,

294 1667 424 1735 quid
455 1668 600 1725 mali,
645 1680 900 1733 quantum
934 1667 1146 1735 periculi
1180 1668 1459 1735 unicuique
1494 1682 1724 1719 nostrum

296 1748 486 1796 inferre
530 1746 682 1814 possit
717 1747 788 1794 vis
822 1746 1120 1804 tribunicia,
1181 1748 1396 1798 conflata
1431 1751 1722 1818 praesertim

296 1827 487 1878 invidia
523 1842 571 1877 et
605 1829 933 1878 concionibus
967 1828 1192 1877 seditiose
1229 1831 1499 1880 concitatis.
1578 1831 1778 1900 Opti-zo

297 1911 390 1961 mis
426 1912 632 1961 hercule
667 1911 1005 1979 temporibus,
1044 1924 1174 1970 tum,
1220 1930 1392 1979 quum·
1415 1912 1642 1963 homines
1671 1930 1724 1963 se

412 2079 471 2104 10.
506 2079 551 2103 ac
580 2071 766 2119 pacatum
877 2076 944 2102 21.
972 2062 1105 2102 hercle

391 2221 423 2264 4.
448 2220 652 2254 cluentibus
676 2232 699 2265 p
813 2215 946 2264 autem]
973 2222 1048 2251 tum
1071 2229 1095 2257 ς
1208 2223 1240 2258 7.
1279 2219 1436 2265 prudens
1464 2221 1725 2257 ABCabcde

297 2267 498 2314 fghmno
543 2264 1045 2314 ᾳνετιιυωγδεζηθκμο
1229 2277 1302 2299 non
1334 2265 1420 2313 sed]
1464 2270 1661 2311 mure-sed.
1695 2271 1725 2303 Β

300 2317 332 2348 8.
357 2313 504 2347 acerbus
548 2313 739 2345 acerrimus
764 2309 842 2345 cod.
868 2311 927 2345 Fr.
957 2320 1005 2343 αε
1138 2322 1194 2345 10.
1219 2318 1328 2358 atque
1352 2315 1420 2347 AB
1435 2314 1724 2362 Cdefgilprs

299 2360 498 2405 ιιιγδεζξ
546 2370 585 2391 ac
609 2359 639 2392 R
658 2359 757 2403 vulg.
804 2357 985 2401 placatum
1010 2357 1078 2390 AB
1178 2364 1341 2402 pacatum
1366 2361 1433 2394 Ro
1529 2373 1578 2395 ια.
1605 2368 1726 2398 tamen

299 2406 332 2440 h.
358 2408 382 2440 l.
408 2405 544 2441 desinit
579 2405 607 2438 C
746 2409 864 2436 tamen
899 2403 953 2435 ini
990 2402 1127 2436 iudices
1162 2409 1242 2438 stat.
1268 2406 1298 2437 A
1327 2404 1387 2446 (de
1414 2405 1725 2452 codd.·Fl0renti—

301 2455 358 2486 nis
385 2453 418 2486 h.
443 2454 466 2487 l.
493 2453 650 2486 incertus
674 2462 770 2490 sum,
800 2461 907 2496 quum
935 2448 984 2481 acl
1005 2447 1197 2483 editionem
1223 2451 1437 2492 Garatonii,
1462 2464 1553 2499 quae
1578 2465 1642 2489 vv.
1669 2454 1727 2487 illi

300 2500 438 2533 iudices
474 2498 624 2537 omittit,
665 2496 759 2529 nihil
784 2494 992 2528 adnotatum
1020 2496 1085 2537 sit)
1116 2496 1298 2530 iklmno
1322 2503 1379 2538 (ut
1401 2498 1564 2541 videtu&
1587 2499 1730 2544 βγδεζ

309 2546 583 2590 ηκλμνξορσ
684 2549 799 2574 tamen
839 2547 1042 2574 statuerunt
1075 2540 1151 2575 cod.
1189 2544 1222 2576 S.
1255 2542 1343 2576 Vict.
1368 2545 1464 2578 Pau.
1491 2546 1522 2579 6.
1551 2545 1610 2579 Fr.
1641 2559 1668 2580 ι.
1693 2559 1727 2585 2.

299 2591 429 2625 Dresd.
459 2602 514 2623 απ
530 2602 596 2629 ςετ
622 2589 725 2621 uncis
747 2588 896 2620 inclusit
922 2599 982 2619 vv.
1010 2587 1063 2620 illi
1091 2588 1238 2621 iudices.
1360 2591 1412 2634 14.
1438 2601 1548 2636 quum
1578 2592 1654 2625 adv.
1679 2613 1728 2620 —

299 2638 485 2669 accederet
511 2649 577 2672 om·
607 2647 628 2666 a
755 2635 801 2668 15.
828 2633 871 2666 ad
899 2645 1002 2676 quam
1031 2634 1176 2679 quidem
1202 2643 1248 2668 αε
1359 2638 1409 2670 16.
1439 2641 1475 2668 et.
1500 2636 1726 2674 humanitate

300 2695 355 2715 om
395 2683 462 2716 AB
563 2683 609 2714 ι8.
636 2685 792 2712 vestrum
819 2680 980 2713 ABahc
1014 2691 1070 2727 qa
1163 2693 1215 2716 21.
1243 2681 1388 2716 hercule
1412 2683 1727 2734 ABabcdefgh

300 2726 704 2772 ι’](ῑυνειιιαγδεζη
727 2726 848 2760 hercle
870 2727 900 2758 B
924 2736 972 2759 vu
989 2737 1024 2772 g.
