1846 3178
142 157 156 178 κ
697 154 938 196 cm'ncA.
1455 148 1545 202 155

100 282 143 324 in
172 276 401 338 mufflcipio‘
423 279 628 336 Appuliae
659 280 1047 334 quadringentorum
1074 272 1247 315 millium
1277 272 1343 312 HS
1371 272 1546 326 legatum

98 350 170 409 (h.
195 351 243 398 ὀε
255 351 409 408 viginti
427 351 599 391 millium
629 350 712 391 fere
729 348 997 402 thalerorum)
1011 354 1052 386 et
1077 358 1238 385 omnem
1250 342 1371 393 fidem
1388 349 1548 396 superet

96 422 235 465 decies
250 428 517 471 &tenorum
543 420 716 461 millium
736 421 802 460 HS
822 433 994 469 summa,
1015 431 1118 472 quae
1137 417 1180 455 in
1199 413 1399 468 plerisque
1425 412 1545 451 codd.

95 491 354 548 oonssooeur.
381 492 506 543 Quod
539 492 662 547 vulgo
691 492 732 531 in
759 491 873 541 edd„
902 490 1023 529 etiam
1049 488 1303 536 Ernestiana‚
1320 483 1545 539 legebatur,

92 568 397 612 &JGCDOOO
453 571 587 609 millia
633 568 751 624 plane
791 566 1007 608 ridiculum
1053 572 1138 605 est:
1182 578 1276 603 nam
1312 561 1432 602 efficit
1469 560 1547 600 hoc

92 635 300 697 ingentem
343 656 543 683 summam
588 641 719 681 decies
765 647 1027 680 centenorum
1065 636 1325 676 millenorum
1372 633 1544 674 millium

93 714 382 754 meoniorum.
419 737 472 745 —-
503 713 692 754 Ceterum
721 711 966 759 notandum,
1010 708 1151 763 siglam
1179 708 1316 758 illam,
1356 720 1460 761 quae
1502 707 1546 746 iu

93 785 233 827 multis
262 787 378 827 MSS.
405 793 604 841 apparet:
635 783 892 824 CCCCLllu
922 781 1023 822 nihil
1051 780 1161 820 aliud
1179 779 1404 833 significare
1420 791 1544 832 quam

94 863 353 904 'usitatiorem
380 863 515 904 hanc:
547 862 870 905 CCCCIDDDD:
901 868 961 901 est
987 860 1086 900 haec
1116 859 1210 898 satis
1237 858 1404 909 antiqua
1443 856 1546 895 scri-

92 934 219 977 bendi
247 939 351 977 ratio
369 967 380 986 ‚
411 943 458 976 ut
484 937 572 976 CLI
603 936 708 975 idem
737 935 869 975 valeat
905 932 1015 988 quod
1042 932 1132 972 Clo
1149 961 1160 979 ‚
1204 936 1245 970 et
1286 927 1545 981 decemplieia

94 1006 189 1047 inde
215 1005 440 1048 efficiantur
467 1005 706 1060 apponendo
734 1019 778 1044 ex
808 1004 932 1044 altera
962 1010 1078 1057 parte
1101 1003 1213 1055 signo
1231 1000 1280 1051 C,
1303 1014 1350 1039 ex
1361 999 1488 1039 altera
1506 999 1542 1038 1.

92 1080 255 1120 Monuit
280 1078 359 1118 hoc
386 1078 584 1119 Gruterus
613 1077 664 1116 ad
691 1078 811 1119 Verr.
842 1077 894 1118 ΙΙ.
927 1090 963 1115 c.
996 1075 1062 1129 59.
1089 1081 1181 1128 post
1209 1073 1393 1112 Pierium
1420 1069 1544 1111 Vale-

91 1148 197 1190 rian.
228 1147 494 1203 Hieroglyph.
528 1147 745 1188 XXXVII.
775 1162 815 1201 p.
845 1145 940 1200 274.
978 1145 1040 1187 ed.
1069 1146 1161 1184 Bas.
1191 1159 1230 1183 a.
1269 1142 1389 1184 1556.
1462 1133 1474 1136 ’

208 1254 282 1295 17,
317 1256 352 1285 1.
382 1242 445 1281 his
478 1241 613 1282 diebus
634 1239 790 1298 paucis]
861 1242 1069 1280 Immerito
1114 1240 1166 1279 ab
1195 1241 1384 1280 Ernestio
1415 1241 1474 1280 his
1502 1241 1544 1281 in

90 1311 358 1369 suspicionem
399 1320 586 1352 vocatum
614 1319 700 1352 est:
733 1314 978 1353 Garatonius
1005 1311 1126 1350 huius
1157 1311 1342 1351 dictionis
1384 1326 1545 1352 sensum

91 1382 198 1424 bene
221 1382 471 1439 explanavit:
502 1384 638 1440 aliquo
666 1397 722 1423 ex
738 1371 885 1440 pan-cis
902 1399 1038 1423 eorum
1065 1384 1217 1422 dierum
1236 1414 1246 1431 ,
1277 1385 1347 1440 qui
1366 1393 1447 1424 tum
1474 1384 1544 1424 de-

91 1456 322 1496 currebant.
352 1455 427 1495 Est
452 1453 564 1495 locus
595 1455 821 1495 sim1llimus
857 1455 963 1495 infra
990 1471 1026 1495 c.
1060 1457 1126 1510 39.
1163 1456 1249 1496 108.
1281 1459 1428 1513 paucis
1455 1458 1543 1498 die-

89 1528 158 1568 bus
174 1528 258 1568 illis
289 1529 372 1585 lpse
399 1530 592 1584 privatus
610 1529 751 1581 factus
784 1537 852 1567 est.
928 1529 994 1568 Sic
1035 1537 1169 1568 antem
1199 1543 1423 1583 pronomen
1462 1531 1540 1583 lu‘s,

87 1615 172 1656 quo
213 1615 278 1642 res
314 1602 530 1657 praeterita
566 1602 681 1654 quasi
707 1601 761 1641 ob
798 1601 936 1641 oculos
963 1606 1143 1656 ponitur,
1174 1617 1258 1642 non
1287 1604 1421 1641 minus
1449 1610 1541 1656 apte

87 1681 333 1728 usurpatur,
374 1687 498 1728 quam
538 1674 607 1727 iis,
634 1673 744 1729 quod
771 1674 991 1714 Garatonio
1020 1674 1204 1730 placebat
1231 1682 1271 1714 et
1297 1673 1350 1714 ab
1383 1674 1546 1715 Orellio-

47 1731 53 1743 x
86 1754 295 1802 receptum
317 1753 391 1787 est.

199 1831 240 1872 3.
273 1829 566 1887 vestigandum]
593 1831 702 1887 vulg.
732 1832 1086 1886 investigandum:
1117 1831 1340 1887 simplicem
1363 1831 1541 1872 formam

86 1915 134 1943 ex
162 1903 326 1958 optimis
355 1903 474 1943 codd.
515 1904 795 1959 praetulimus,
829 1906 1024 1944 rariorem
1069 1903 1202 1955 illam,
1250 1904 1317 1944 sed
1346 1918 1431 1944 non
1459 1904 1538 1943 mi-

86 1989 164 2015 nus
209 1975 414 2029 probam:
445 1975 529 2019 vid.
574 1976 625 2016 de
670 1977 789 2016 Orat.
835 1978 890 2017 ΙΙ.
927 1992 964 2017 c.
994 1978 1062 2033 39.
1100 1977 1199 2018 166:
1230 1989 1377 2017 causas
1404 1989 1540 2016 rerum

84 2046 379 2101 vestigabinuae.
410 2046 486 2086 111.
515 2061 554 2088 c.
585 2048 654 2101 23,
687 2046 767 2088 88:
797 2048 974 2104 aliquid,
1002 2049 1111 2105 quod
1133 2063 1221 2089 cum
1246 2049 1450 2089 desidiosa
1469 2048 1539 2088 de-

85 2118 293 2160 lectatione
312 2120 489 2174 vestiges.
1093 2122 1099 2130 “

199 2216 262 2246 12.
290 2204 402 2243 illius
425 2204 685 2244 adolescentis
709 2218 871 2260 suosqzoe
896 2203 1158 2260 necessarios]
1209 2205 1332 2260 vulgo
1363 2204 1537 2259 propin-

83 2289 180 2331 quos
189 2275 353 2316 additur
364 2283 457 2330 post
475 2277 750 2329 adolescentis,
765 2277 876 2331 quod
894 2278 1019 2316 trium
1032 2280 1283 2331 optimorum
1308 2276 1426 2317 codd.
1438 2291 1536 2316 con-

85 2361 247 2389 sensum
284 2350 443 2403 sequuti
472 2348 719 2389 delevimus:
765 2364 859 2389 nam
889 2365 1014 2404 quum
1045 2352 1118 2403 ipsi
1148 2351 1204 2390 illi
1226 2382 1237 2400 ,
1268 2351 1339 2404 qui
1366 2351 1406 2389 in
1438 2349 1537 2390 Gal-

85 2417 182 2459 liam
205 2419 376 2474 profecti
403 2427 513 2471 sunt,
544 2421 761 2474 propinqui
791 2422 969 2460 Dinaeae
1001 2429 1040 2461 et
1071 2420 1144 2460 filii
1173 2423 1259 2462 eius
1299 2437 1420 2476 saepe
1465 2437 1537 2476 ap-

83 2489 300 2544 pellentur,
327 2492 449 2532 iidem
475 2492 659 2533 homines
687 2500 727 2533 et
755 2492 919 2532 illorum
947 2500 986 2533 et
1023 2492 1286 2534 adolescentis
1325 2495 1535 2534 necessarii

84 2561 261 2604 habendi
298 2571 421 2604 suut:
461 2566 710 2621 propinquos
758 2580 803 2605 ex
843 2564 933 2606 loco
969 2567 1177 2620 superiore
1205 2571 1242 2616 §.
1274 2581 1354 2607 22:
1403 2567 1533 2607 omnis

81 2648 170 2674 suos
190 2623 436 2693 propinquos
456 2636 615 2693 filiique
643 2638 705 2679 sui
724 2639 956 2680 necessarios
972 2638 1092 2679 etiam
1119 2638 1162 2682 h.
1192 2639 1222 2679 l.
1254 2642 1295 2679 in
1323 2638 1534 2694 plerosque.

84 2706 204 2748 codd.
237 2709 439 2764 irrepsisse
470 2709 641 2753 videtur.
