<?xml version="1.0" encoding="UTF-8"?>
<!DOCTYPE html PUBLIC "-//W3C//DTD XHTML 1.0 Transitional//EN"
    "http://www.w3.org/TR/xhtml1/DTD/xhtml1-transitional.dtd">
<html xmlns="http://www.w3.org/1999/xhtml" xml:lang="en" lang="en">
 <head>
  <title>
</title>
<meta http-equiv="Content-Type" content="text/html;charset=utf-8" />
  <meta name='ocr-system' content='tesseract 3.04.00' />
  <meta name='ocr-capabilities' content='ocr_page ocr_carea ocr_par ocr_line ocrx_word'/>
</head>
<body>
  <div class='ocr_page' id='page_1' title='image "./procluentiolatin00ciceuoft/procluentiolatin00ciceuoft_0217.png"; bbox 0 0 1846 3178; ppageno 0'>
   <div class='ocr_carea' id='block_1_1' title="bbox 727 139 1566 225">
    <p class='ocr_par' dir='ltr' id='par_1_1' title="bbox 727 139 1566 225">
     <span class='ocr_line' id='line_1_1' title="bbox 727 139 1566 225; baseline 0.005 -35"><span class='ocrx_word' id='word_1_1' title='bbox 727 139 963 192; x_wconf 75' lang='lat' dir='ltr'><strong>cm&#39;rmA.</strong></span> <span class='ocrx_word' id='word_1_2' title='bbox 1475 160 1566 225; x_wconf 79' lang='lat'><strong>¹89</strong></span> 
     </span>
    </p>
   </div>
   <div class='ocr_carea' id='block_1_2' title="bbox 59 274 1604 1831">
    <p class='ocr_par' dir='ltr' id='par_1_2' title="bbox 59 274 1604 1831">
     <span class='ocr_line' id='line_1_2' title="bbox 122 274 1557 318; baseline 0.001 -1"><span class='ocrx_word' id='word_1_3' title='bbox 122 275 375 318; x_wconf 66' lang='lat' dir='ltr'><strong>aestimandis</strong></span> <span class='ocrx_word' id='word_1_4' title='bbox 402 282 442 316; x_wconf 88' lang='lat' dir='ltr'><strong>et</strong></span> <span class='ocrx_word' id='word_1_5' title='bbox 470 274 509 314; x_wconf 89' lang='lat' dir='ltr'><strong>in</strong></span> <span class='ocrx_word' id='word_1_6' title='bbox 538 275 641 316; x_wconf 87' lang='lat' dir='ltr'><strong>iusto</strong></span> <span class='ocrx_word' id='word_1_7' title='bbox 667 274 832 316; x_wconf 85' lang='lat' dir='ltr'><strong>iudicio.</strong></span> <span class='ocrx_word' id='word_1_8' title='bbox 901 275 1052 316; x_wconf 77' lang='lat' dir='ltr'><strong>Litium</strong></span> <span class='ocrx_word' id='word_1_9' title='bbox 1085 275 1306 316; x_wconf 80' lang='lat' dir='ltr'><strong>aestimatio</strong></span> <span class='ocrx_word' id='word_1_10' title='bbox 1334 276 1385 315; x_wconf 89' lang='lat' dir='ltr'><strong>ad</strong></span> <span class='ocrx_word' id='word_1_11' title='bbox 1412 277 1557 318; x_wconf 82' lang='lat' dir='ltr'><strong>damna</strong></span> 
     </span>
     <span class='ocr_line' id='line_1_3' title="bbox 121 345 1563 402; baseline 0.001 -16"><span class='ocrx_word' id='word_1_12' title='bbox 121 345 370 386; x_wconf 68' lang='lat' dir='ltr'><strong>mai-cienda</strong></span> <span class='ocrx_word' id='word_1_13' title='bbox 404 345 634 400; x_wconf 82' lang='lat' dir='ltr'><strong>spectabat3</strong></span> <span class='ocrx_word' id='word_1_14' title='bbox 667 348 709 386; x_wconf 88' lang='lat' dir='ltr'><strong>in</strong></span> <span class='ocrx_word' id='word_1_15' title='bbox 737 345 886 386; x_wconf 87' lang='lat' dir='ltr'><strong>iudicio</strong></span> <span class='ocrx_word' id='word_1_16' title='bbox 914 346 1032 402; x_wconf 85' lang='lat' dir='ltr'><strong>culpa</strong></span> <span class='ocrx_word' id='word_1_17' title='bbox 1065 345 1239 386; x_wconf 89' lang='lat' dir='ltr'><strong>eiusdem</strong></span> <span class='ocrx_word' id='word_1_18' title='bbox 1269 346 1426 387; x_wconf 84' lang='lat' dir='ltr'><strong>sceleris</strong></span> <span class='ocrx_word' id='word_1_19' title='bbox 1460 363 1563 388; x_wconf 81' lang='lat' dir='ltr'><strong>con·</strong></span> 
     </span>
     <span class='ocr_line' id='line_1_4' title="bbox 118 415 1557 471; baseline 0.001 -15"><span class='ocrx_word' id='word_1_20' title='bbox 118 416 374 457; x_wconf 68' lang='lat' dir='ltr'><strong>stituebatur.</strong></span> <span class='ocrx_word' id='word_1_21' title='bbox 429 415 578 471; x_wconf 82' lang='lat' dir='ltr'><strong>ltaque</strong></span> <span class='ocrx_word' id='word_1_22' title='bbox 604 416 675 457; x_wconf 90' lang='lat' dir='ltr'><strong>ubi</strong></span> <span class='ocrx_word' id='word_1_23' title='bbox 701 419 745 457; x_wconf 89' lang='lat' dir='ltr'><strong>in</strong></span> <span class='ocrx_word' id='word_1_24' title='bbox 773 418 1029 458; x_wconf 79' lang='lat' dir='ltr'>aestimandis</span> <span class='ocrx_word' id='word_1_25' title='bbox 1060 417 1197 458; x_wconf 87' lang='lat' dir='ltr'><strong>litibus</strong></span> <span class='ocrx_word' id='word_1_26' title='bbox 1241 417 1367 458; x_wconf 87' lang='lat' dir='ltr'><strong>multa</strong></span> <span class='ocrx_word' id='word_1_27' title='bbox 1405 418 1557 459; x_wconf 85' lang='lat' dir='ltr'><strong>inflicta</strong></span> 
     </span>
     <span class='ocr_line' id='line_1_5' title="bbox 125 487 1564 544; baseline 0.001 -16"><span class='ocrx_word' id='word_1_28' title='bbox 125 495 238 539; x_wconf 70' lang='lat' dir='ltr'><strong>emt,</strong></span> <span class='ocrx_word' id='word_1_29' title='bbox 283 487 424 528; x_wconf 81' lang='lat' dir='ltr'><strong>eadem</strong></span> <span class='ocrx_word' id='word_1_30' title='bbox 465 504 584 530; x_wconf 86' lang='lat' dir='ltr'><strong>causa</strong></span> <span class='ocrx_word' id='word_1_31' title='bbox 623 490 757 531; x_wconf 88' lang='lat' dir='ltr'><strong>denuo</strong></span> <span class='ocrx_word' id='word_1_32' title='bbox 798 492 840 530; x_wconf 88' lang='lat' dir='ltr'><strong>in</strong></span> <span class='ocrx_word' id='word_1_33' title='bbox 884 490 1076 530; x_wconf 91' lang='lat' dir='ltr'><strong>iudicium</strong></span> <span class='ocrx_word' id='word_1_34' title='bbox 1116 497 1258 531; x_wconf 86' lang='lat' dir='ltr'><strong>vocata</strong></span> <span class='ocrx_word' id='word_1_35' title='bbox 1305 489 1423 544; x_wconf 86' lang='lat' dir='ltr'><strong>longe</strong></span> <span class='ocrx_word' id='word_1_36' title='bbox 1449 489 1564 529; x_wconf 89' lang='lat' dir='ltr'><strong>aliter</strong></span> 
     </span>
     <span class='ocr_line' id='line_1_6' title="bbox 119 558 1604 617; baseline 0.001 -19"><span class='ocrx_word' id='word_1_37' title='bbox 119 558 289 600; x_wconf 74' lang='lat' dir='ltr'><strong>iudicari</strong></span> <span class='ocrx_word' id='word_1_38' title='bbox 314 562 462 614; x_wconf 87' lang='lat' dir='ltr'><strong>potuit.</strong></span> <span class='ocrx_word' id='word_1_39' title='bbox 513 561 642 614; x_wconf 86' lang='lat' dir='ltr'><strong>Quod</strong></span> <span class='ocrx_word' id='word_1_40' title='bbox 673 562 714 601; x_wconf 89' lang='lat' dir='ltr'><strong>in</strong></span> <span class='ocrx_word' id='word_1_41' title='bbox 741 563 1057 616; x_wconf 85' lang='lat' dir='ltr'><strong>repetundarum</strong></span> <span class='ocrx_word' id='word_1_42' title='bbox 1086 563 1254 602; x_wconf 84' lang='lat' dir='ltr'><strong>crimine</strong></span> <span class='ocrx_word' id='word_1_43' title='bbox 1285 575 1382 617; x_wconf 86' lang='lat' dir='ltr'><strong>prae</strong></span> <span class='ocrx_word' id='word_1_44' title='bbox 1423 562 1564 601; x_wconf 87' lang='lat' dir='ltr'><strong>ceteris</strong></span> <span class='ocrx_word' id='word_1_45' title='bbox 1602 589 1604 594; x_wconf 87' lang='lat'>-</span> 
     </span>
     <span class='ocr_line' id='line_1_7' title="bbox 59 628 1563 687; baseline 0.001 -16"><span class='ocrx_word' id='word_1_46' title='bbox 59 659 61 661; x_wconf 84' lang='lat'>·</span> <span class='ocrx_word' id='word_1_47' title='bbox 118 628 254 671; x_wconf 81' lang='lat' dir='ltr'><strong>locum</strong></span> <span class='ocrx_word' id='word_1_48' title='bbox 296 630 490 673; x_wconf 89' lang='lat' dir='ltr'><strong>habebat.</strong></span> <span class='ocrx_word' id='word_1_49' title='bbox 560 633 665 673; x_wconf 90' lang='lat' dir='ltr'><strong>Nam</strong></span> <span class='ocrx_word' id='word_1_50' title='bbox 706 634 775 687; x_wconf 91' lang='lat' dir='ltr'><strong>qui</strong></span> <span class='ocrx_word' id='word_1_51' title='bbox 814 634 856 672; x_wconf 90' lang='lat' dir='ltr'><strong>in</strong></span> <span class='ocrx_word' id='word_1_52' title='bbox 897 637 1106 687; x_wconf 71' lang='lat' dir='ltr'><strong>provincia</strong></span> <span class='ocrx_word' id='word_1_53' title='bbox 1146 635 1289 675; x_wconf 89' lang='lat' dir='ltr'><strong>iniuste</strong></span> <span class='ocrx_word' id='word_1_54' title='bbox 1336 639 1563 673; x_wconf 87' lang='lat' dir='ltr'><strong>exactarum</strong></span> 
     </span>
     <span class='ocr_line' id='line_1_8' title="bbox 120 702 1561 755; baseline 0.001 -14"><span class='ocrx_word' id='word_1_55' title='bbox 120 702 387 754; x_wconf 77' lang='lat' dir='ltr'>pecuniarum</span> <span class='ocrx_word' id='word_1_56' title='bbox 419 711 633 744; x_wconf 72' lang='lat' dir='ltr'><strong>accusatus</strong></span> <span class='ocrx_word' id='word_1_57' title='bbox 671 712 782 755; x_wconf 86' lang='lat' dir='ltr'><strong>erat,</strong></span> <span class='ocrx_word' id='word_1_58' title='bbox 824 706 858 744; x_wconf 89' lang='lat' dir='ltr'><strong>si</strong></span> <span class='ocrx_word' id='word_1_59' title='bbox 898 706 1076 744; x_wconf 86' lang='lat' dir='ltr'><strong>severius</strong></span> <span class='ocrx_word' id='word_1_60' title='bbox 1115 703 1202 744; x_wconf 90' lang='lat' dir='ltr'><strong>lites</strong></span> <span class='ocrx_word' id='word_1_61' title='bbox 1233 704 1561 755; x_wconf 84' lang='lat' dir='ltr'><strong>aestimabantur,</strong></span> 
     </span>
     <span class='ocr_line' id='line_1_9' title="bbox 118 774 1562 829; baseline -0.001 -15"><span class='ocrx_word' id='word_1_62' title='bbox 118 774 336 814; x_wconf 76' lang='lat' dir='ltr'><strong>maiestatis</strong></span> <span class='ocrx_word' id='word_1_63' title='bbox 383 788 554 828; x_wconf 88' lang='lat' dir='ltr'><strong>poenam</strong></span> <span class='ocrx_word' id='word_1_64' title='bbox 592 774 819 829; x_wconf 90' lang='lat' dir='ltr'><strong>persolvere</strong></span> <span class='ocrx_word' id='word_1_65' title='bbox 846 775 1082 829; x_wconf 80' lang='lat' dir='ltr'><strong>adigebatur</strong></span> <span class='ocrx_word' id='word_1_66' title='bbox 1099 804 1111 823; x_wconf 93' lang='lat'>‚</span> <span class='ocrx_word' id='word_1_67' title='bbox 1161 775 1195 814; x_wconf 90' lang='lat' dir='ltr'><strong>si</strong></span> <span class='ocrx_word' id='word_1_68' title='bbox 1222 774 1353 814; x_wconf 90' lang='lat' dir='ltr'><strong>lenius</strong></span> <span class='ocrx_word' id='word_1_69' title='bbox 1370 803 1382 823; x_wconf 86' lang='lat'><strong>,</strong></span> <span class='ocrx_word' id='word_1_70' title='bbox 1411 787 1460 813; x_wconf 89' lang='lat' dir='ltr'><strong>eo</strong></span> <span class='ocrx_word' id='word_1_71' title='bbox 1485 787 1562 818; x_wconf 84' lang='lat' dir='ltr'><strong>no-</strong></span> 
     </span>
     <span class='ocr_line' id='line_1_10' title="bbox 115 843 1562 900; baseline 0.003 -17"><span class='ocrx_word' id='word_1_72' title='bbox 115 843 225 883; x_wconf 85' lang='lat' dir='ltr'><strong>mine</strong></span> <span class='ocrx_word' id='word_1_73' title='bbox 266 843 550 896; x_wconf 79' lang='lat' dir='ltr'><strong>damnabatur,</strong></span> <span class='ocrx_word' id='word_1_74' title='bbox 593 847 704 899; x_wconf 91' lang='lat' dir='ltr'><strong>quod</strong></span> <span class='ocrx_word' id='word_1_75' title='bbox 748 846 960 899; x_wconf 88' lang='lat' dir='ltr'><strong>pecuniam</strong></span> <span class='ocrx_word' id='word_1_76' title='bbox 995 845 1218 899; x_wconf 86' lang='lat' dir='ltr'><strong>accepisset.</strong></span> <span class='ocrx_word' id='word_1_77' title='bbox 1272 845 1350 884; x_wconf 91' lang='lat' dir='ltr'><strong>Sed</strong></span> <span class='ocrx_word' id='word_1_78' title='bbox 1380 846 1487 900; x_wconf 84' lang='lat' dir='ltr'><strong>quod</strong></span> <span class='ocrx_word' id='word_1_79' title='bbox 1519 846 1562 887; x_wconf 89' lang='lat' dir='ltr'><strong>in</strong></span> 
     </span>
     <span class='ocr_line' id='line_1_11' title="bbox 118 914 1562 972; baseline 0.003 -17"><span class='ocrx_word' id='word_1_80' title='bbox 118 914 262 956; x_wconf 79' lang='lat' dir='ltr'><strong>litibus</strong></span> <span class='ocrx_word' id='word_1_81' title='bbox 306 916 564 956; x_wconf 86' lang='lat' dir='ltr'><strong>aestimandis</strong></span> <span class='ocrx_word' id='word_1_82' title='bbox 600 917 819 957; x_wconf 85' lang='lat' dir='ltr'><strong>iudicatum</strong></span> <span class='ocrx_word' id='word_1_83' title='bbox 862 925 947 957; x_wconf 88' lang='lat' dir='ltr'><strong>erat</strong></span> <span class='ocrx_word' id='word_1_84' title='bbox 968 947 980 968; x_wconf 90' lang='lat'>‚</span> <span class='ocrx_word' id='word_1_85' title='bbox 1027 918 1068 957; x_wconf 90' lang='lat' dir='ltr'><strong>id</strong></span> <span class='ocrx_word' id='word_1_86' title='bbox 1099 931 1182 956; x_wconf 86' lang='lat' dir='ltr'><strong>non</strong></span> <span class='ocrx_word' id='word_1_87' title='bbox 1223 931 1377 970; x_wconf 83' lang='lat' dir='ltr'><strong>semper</strong></span> <span class='ocrx_word' id='word_1_88' title='bbox 1406 918 1446 956; x_wconf 89' lang='lat' dir='ltr'><strong>in</strong></span> <span class='ocrx_word' id='word_1_89' title='bbox 1475 919 1562 972; x_wconf 88' lang='lat' dir='ltr'><strong>ipso</strong></span> 
     </span>
     <span class='ocr_line' id='line_1_12' title="bbox 115 986 1561 1043; baseline 0.003 -16"><span class='ocrx_word' id='word_1_90' title='bbox 115 986 270 1028; x_wconf 82' lang='lat' dir='ltr'><strong>iudicio</strong></span> <span class='ocrx_word' id='word_1_91' title='bbox 314 987 577 1028; x_wconf 82' lang='lat' dir='ltr'><strong>servabatur:</strong></span> <span class='ocrx_word' id='word_1_92' title='bbox 623 990 749 1028; x_wconf 89' lang='lat' dir='ltr'><strong>immo</strong></span> <span class='ocrx_word' id='word_1_93' title='bbox 789 990 859 1042; x_wconf 90' lang='lat' dir='ltr'><strong>qui</strong></span> <span class='ocrx_word' id='word_1_94' title='bbox 894 990 1118 1043; x_wconf 85' lang='lat' dir='ltr'><strong>graviorem</strong></span> <span class='ocrx_word' id='word_1_95' title='bbox 1145 988 1315 1028; x_wconf 89' lang='lat' dir='ltr'><strong>multam</strong></span> <span class='ocrx_word' id='word_1_96' title='bbox 1348 989 1390 1027; x_wconf 88' lang='lat' dir='ltr'><strong>in</strong></span> <span class='ocrx_word' id='word_1_97' title='bbox 1420 987 1561 1031; x_wconf 80' lang='lat' dir='ltr'><strong>litibus</strong></span> 
     </span>
     <span class='ocr_line' id='line_1_13' title="bbox 115 1058 1563 1114; baseline 0.002 -14"><span class='ocrx_word' id='word_1_98' title='bbox 115 1058 371 1100; x_wconf 79' lang='lat' dir='ltr'><strong>aestimandis</strong></span> <span class='ocrx_word' id='word_1_99' title='bbox 379 1060 587 1113; x_wconf 83' lang='lat' dir='ltr'><strong>penderat,</strong></span> <span class='ocrx_word' id='word_1_100' title='bbox 606 1061 639 1098; x_wconf 88' lang='lat' dir='ltr'><strong>is</strong></span> <span class='ocrx_word' id='word_1_101' title='bbox 670 1061 714 1098; x_wconf 84' lang='lat' dir='ltr'><strong>in</strong></span> <span class='ocrx_word' id='word_1_102' title='bbox 735 1060 884 1099; x_wconf 87' lang='lat' dir='ltr'><strong>iudicio</strong></span> <span class='ocrx_word' id='word_1_103' title='bbox 911 1074 1028 1114; x_wconf 85' lang='lat' dir='ltr'><strong>saepe</strong></span> <span class='ocrx_word' id='word_1_104' title='bbox 1057 1060 1191 1100; x_wconf 89' lang='lat' dir='ltr'><strong>minus</strong></span> <span class='ocrx_word' id='word_1_105' title='bbox 1219 1075 1356 1102; x_wconf 87' lang='lat' dir='ltr'><strong>severe</strong></span> <span class='ocrx_word' id='word_1_106' title='bbox 1383 1062 1563 1103; x_wconf 82' lang='lat' dir='ltr'><strong>dimitte-</strong></span> 
     </span>
     <span class='ocr_line' id='line_1_14' title="bbox 115 1128 1561 1186; baseline 0.004 -16"><span class='ocrx_word' id='word_1_107' title='bbox 115 1128 253 1170; x_wconf 78' lang='lat' dir='ltr'><strong>batur.</strong></span> <span class='ocrx_word' id='word_1_108' title='bbox 310 1131 450 1182; x_wconf 83' lang='lat' dir='ltr'><strong>Quare</strong></span> <span class='ocrx_word' id='word_1_109' title='bbox 475 1129 622 1183; x_wconf 86' lang='lat' dir='ltr'><strong>quibus</strong></span> <span class='ocrx_word' id='word_1_110' title='bbox 647 1131 861 1170; x_wconf 84' lang='lat' dir='ltr'><strong>maiestatis</strong></span> <span class='ocrx_word' id='word_1_111' title='bbox 890 1129 978 1171; x_wconf 80' lang='lat' dir='ltr'><strong>lites</strong></span> <span class='ocrx_word' id='word_1_112' title='bbox 1001 1132 1229 1171; x_wconf 80' lang='lat' dir='ltr'><strong>aestimatae</strong></span> <span class='ocrx_word' id='word_1_113' title='bbox 1256 1141 1402 1186; x_wconf 84' lang='lat' dir='ltr'><strong>essent,</strong></span> <span class='ocrx_word' id='word_1_114' title='bbox 1439 1135 1561 1178; x_wconf 81' lang='lat' dir='ltr'><strong>iidem</strong></span> 
     </span>
     <span class='ocr_line' id='line_1_15' title="bbox 66 1200 1555 1258; baseline 0.005 -18"><span class='ocrx_word' id='word_1_115' title='bbox 66 1203 71 1209; x_wconf 48' lang='lat'>¹</span> <span class='ocrx_word' id='word_1_116' title='bbox 113 1200 157 1241; x_wconf 87' lang='lat' dir='ltr'><strong>in</strong></span> <span class='ocrx_word' id='word_1_117' title='bbox 185 1201 402 1242; x_wconf 78' lang='lat' dir='ltr'><strong>maiestatis</strong></span> <span class='ocrx_word' id='word_1_118' title='bbox 429 1200 578 1242; x_wconf 83' lang='lat' dir='ltr'><strong>iudicio</strong></span> <span class='ocrx_word' id='word_1_119' title='bbox 609 1216 692 1242; x_wconf 89' lang='lat' dir='ltr'><strong>non</strong></span> <span class='ocrx_word' id='word_1_120' title='bbox 719 1216 812 1242; x_wconf 88' lang='lat' dir='ltr'><strong>raro</strong></span> <span class='ocrx_word' id='word_1_121' title='bbox 841 1202 1166 1243; x_wconf 84' lang='lat' dir='ltr'><strong>absolvebantur.</strong></span> <span class='ocrx_word' id='word_1_122' title='bbox 1230 1204 1318 1244; x_wconf 88' lang='lat' dir='ltr'><strong>Hoc</strong></span> <span class='ocrx_word' id='word_1_123' title='bbox 1351 1205 1452 1246; x_wconf 87' lang='lat' dir='ltr'><strong>illud</strong></span> <span class='ocrx_word' id='word_1_124' title='bbox 1481 1217 1555 1258; x_wconf 88' lang='lat' dir='ltr'><strong>est,</strong></span> 
     </span>
     <span class='ocr_line' id='line_1_16' title="bbox 112 1271 1557 1333; baseline 0.005 -20"><span class='ocrx_word' id='word_1_125' title='bbox 112 1271 223 1327; x_wconf 83' lang='lat' dir='ltr'><strong>quod</strong></span> <span class='ocrx_word' id='word_1_126' title='bbox 248 1272 388 1314; x_wconf 74' lang='lat' dir='ltr'><strong>Cicero</strong></span> <span class='ocrx_word' id='word_1_127' title='bbox 414 1272 460 1312; x_wconf 89' lang='lat' dir='ltr'><strong>h.</strong></span> <span class='ocrx_word' id='word_1_128' title='bbox 490 1272 521 1312; x_wconf 85' lang='lat' dir='ltr'><strong>l.</strong></span> <span class='ocrx_word' id='word_1_129' title='bbox 553 1275 730 1327; x_wconf 83' lang='lat' dir='ltr'><strong>exponit,</strong></span> <span class='ocrx_word' id='word_1_130' title='bbox 749 1289 823 1314; x_wconf 88' lang='lat' dir='ltr'><strong>nec</strong></span> <span class='ocrx_word' id='word_1_131' title='bbox 852 1276 930 1314; x_wconf 85' lang='lat' dir='ltr'><strong>nisi</strong></span> <span class='ocrx_word' id='word_1_132' title='bbox 960 1277 1127 1329; x_wconf 87' lang='lat' dir='ltr'><strong>repetito</strong></span> <span class='ocrx_word' id='word_1_133' title='bbox 1145 1277 1362 1316; x_wconf 78' lang='lat' dir='ltr'><strong>maiestatis</strong></span> <span class='ocrx_word' id='word_1_134' title='bbox 1381 1282 1557 1333; x_wconf 83' lang='lat' dir='ltr'><strong>nomine,</strong></span> 
     </span>
     <span class='ocr_line' id='line_1_17' title="bbox 111 1343 1558 1398; baseline 0.006 -14"><span class='ocrx_word' id='word_1_135' title='bbox 111 1343 231 1398; x_wconf 79' lang='lat' dir='ltr'><strong>plane</strong></span> <span class='ocrx_word' id='word_1_136' title='bbox 273 1351 313 1385; x_wconf 88' lang='lat' dir='ltr'><strong>et</strong></span> <span class='ocrx_word' id='word_1_137' title='bbox 365 1345 512 1386; x_wconf 80' lang='lat' dir='ltr'><strong>diserte</strong></span> <span class='ocrx_word' id='word_1_138' title='bbox 553 1348 749 1386; x_wconf 83' lang='lat' dir='ltr'><strong>enuntiat.</strong></span> <span class='ocrx_word' id='word_1_139' title='bbox 832 1346 982 1386; x_wconf 86' lang='lat' dir='ltr'><strong>Contra</strong></span> <span class='ocrx_word' id='word_1_140' title='bbox 1024 1346 1113 1386; x_wconf 89' lang='lat' dir='ltr'><strong>lites</strong></span> <span class='ocrx_word' id='word_1_141' title='bbox 1156 1348 1359 1388; x_wconf 88' lang='lat' dir='ltr'><strong>interdum</strong></span> <span class='ocrx_word' id='word_1_142' title='bbox 1397 1352 1558 1393; x_wconf 87' lang='lat' dir='ltr'><strong>mitiore</strong></span> 
     </span>
     <span class='ocr_line' id='line_1_18' title="bbox 113 1417 1557 1476; baseline 0.003 -19"><span class='ocrx_word' id='word_1_143' title='bbox 113 1418 279 1457; x_wconf 83' lang='lat' dir='ltr'><strong>nomine</strong></span> <span class='ocrx_word' id='word_1_144' title='bbox 315 1417 630 1458; x_wconf 83' lang='lat' dir='ltr'><strong>aestimabantur</strong></span> <span class='ocrx_word' id='word_1_145' title='bbox 647 1448 659 1465; x_wconf 80' lang='grc'>,</span> <span class='ocrx_word' id='word_1_146' title='bbox 711 1426 750 1458; x_wconf 89' lang='lat' dir='ltr'><strong>et</strong></span> <span class='ocrx_word' id='word_1_147' title='bbox 778 1419 971 1459; x_wconf 87' lang='lat' dir='ltr'><strong>iudicium</strong></span> <span class='ocrx_word' id='word_1_148' title='bbox 995 1420 1170 1459; x_wconf 88' lang='lat' dir='ltr'><strong>severius</strong></span> <span class='ocrx_word' id='word_1_149' title='bbox 1204 1420 1412 1475; x_wconf 85' lang='lat' dir='ltr'><strong>agebatur,</strong></span> <span class='ocrx_word' id='word_1_150' title='bbox 1442 1424 1557 1476; x_wconf 90' lang='lat' dir='ltr'><strong>quod</strong></span> 
     </span>
     <span class='ocr_line' id='line_1_19' title="bbox 111 1486 1555 1546; baseline 0.006 -19"><span class='ocrx_word' id='word_1_151' title='bbox 111 1486 260 1527; x_wconf 72' lang='lat' dir='ltr'><strong>factum</strong></span> <span class='ocrx_word' id='word_1_152' title='bbox 298 1488 482 1529; x_wconf 87' lang='lat' dir='ltr'><strong>videmus</strong></span> <span class='ocrx_word' id='word_1_153' title='bbox 526 1490 567 1527; x_wconf 88' lang='lat' dir='ltr'><strong>in</strong></span> <span class='ocrx_word' id='word_1_154' title='bbox 614 1489 665 1527; x_wconf 85' lang='lat' dir='ltr'><strong>T.</strong></span> <span class='ocrx_word' id='word_1_155' title='bbox 699 1489 879 1543; x_wconf 87' lang='lat' dir='ltr'><strong>Septimii</strong></span> <span class='ocrx_word' id='word_1_156' title='bbox 907 1489 1121 1530; x_wconf 86' lang='lat' dir='ltr'><strong>Scaevolae</strong></span> <span class='ocrx_word' id='word_1_157' title='bbox 1149 1505 1284 1544; x_wconf 88' lang='lat' dir='ltr'><strong>causa,</strong></span> <span class='ocrx_word' id='word_1_158' title='bbox 1315 1507 1418 1546; x_wconf 90' lang='lat' dir='ltr'><strong>quae</strong></span> <span class='ocrx_word' id='word_1_159' title='bbox 1447 1494 1490 1534; x_wconf 91' lang='lat' dir='ltr'><strong>h.</strong></span> <span class='ocrx_word' id='word_1_160' title='bbox 1525 1495 1555 1535; x_wconf 89' lang='lat' dir='ltr'><strong>l.</strong></span> 
     </span>
     <span class='ocr_line' id='line_1_20' title="bbox 111 1556 1554 1615; baseline 0.004 -17"><span class='ocrx_word' id='word_1_161' title='bbox 111 1556 254 1599; x_wconf 85' lang='lat' dir='ltr'><strong>leviter</strong></span> <span class='ocrx_word' id='word_1_162' title='bbox 294 1567 652 1610; x_wconf 82' lang='lat' dir='ltr'><strong>commemoratur,</strong></span> <span class='ocrx_word' id='word_1_163' title='bbox 699 1561 765 1600; x_wconf 91' lang='lat' dir='ltr'><strong>sed</strong></span> <span class='ocrx_word' id='word_1_164' title='bbox 805 1561 950 1601; x_wconf 82' lang='lat' dir='ltr'><strong>clarius</strong></span> <span class='ocrx_word' id='word_1_165' title='bbox 988 1561 1207 1615; x_wconf 84' lang='lat' dir='ltr'><strong>explicatur</strong></span> <span class='ocrx_word' id='word_1_166' title='bbox 1234 1563 1276 1601; x_wconf 89' lang='lat' dir='ltr'><strong>in</strong></span> <span class='ocrx_word' id='word_1_167' title='bbox 1306 1563 1424 1608; x_wconf 78' lang='lat' dir='ltr'><strong>Verr.</strong></span> <span class='ocrx_word' id='word_1_168' title='bbox 1462 1565 1554 1606; x_wconf 88' lang='lat' dir='ltr'><strong>Act.</strong></span> 
     </span>
     <span class='ocr_line' id='line_1_21' title="bbox 110 1622 1553 1690; baseline 0.006 -21"><span class='ocrx_word' id='word_1_169' title='bbox 110 1629 147 1675; x_wconf 83' lang='grc' dir='ltr'><strong>Ῑ.</strong></span> <span class='ocrx_word' id='word_1_170' title='bbox 175 1643 210 1668; x_wconf 86' lang='lat' dir='ltr'><strong>c.</strong></span> <span class='ocrx_word' id='word_1_171' title='bbox 243 1629 307 1668; x_wconf 83' lang='lat'><strong>13.</strong></span> <span class='ocrx_word' id='word_1_172' title='bbox 336 1628 415 1670; x_wconf 78' lang='lat'><strong>58:</strong></span> <span class='ocrx_word' id='word_1_173' title='bbox 455 1630 507 1671; x_wconf 91' lang='lat' dir='ltr'><strong>P.</strong></span> <span class='ocrx_word' id='word_1_174' title='bbox 548 1629 737 1684; x_wconf 80' lang='lat' dir='ltr'><strong>Septimio</strong></span> <span class='ocrx_word' id='word_1_175' title='bbox 784 1622 973 1670; x_wconf 71' lang='lat' dir='ltr'><strong>senator-e</strong></span> <span class='ocrx_word' id='word_1_176' title='bbox 995 1631 1197 1680; x_wconf 79' lang='lat' dir='ltr'><strong>damnato,</strong></span> <span class='ocrx_word' id='word_1_177' title='bbox 1251 1635 1304 1690; x_wconf 79' lang='lat' dir='ltr'><strong>Q.</strong></span> <span class='ocrx_word' id='word_1_178' title='bbox 1339 1635 1553 1677; x_wconf 73' lang='lat' dir='ltr'><strong>Hor-lensio</strong></span> 
     </span>
     <span class='ocr_line' id='line_1_22' title="bbox 105 1700 1548 1759; baseline 0.007 -19"><span class='ocrx_word' id='word_1_179' title='bbox 105 1709 319 1756; x_wconf 75' lang='lat' dir='ltr'><strong>praetore,</strong></span> <span class='ocrx_word' id='word_1_180' title='bbox 346 1700 396 1740; x_wconf 80' lang='lat' dir='ltr'><strong>de</strong></span> <span class='ocrx_word' id='word_1_181' title='bbox 417 1702 594 1756; x_wconf 79' lang='lat' dir='ltr'><strong>pecuniis</strong></span> <span class='ocrx_word' id='word_1_182' title='bbox 622 1702 843 1756; x_wconf 78' lang='lat' dir='ltr'><strong>repetundis</strong></span> <span class='ocrx_word' id='word_1_183' title='bbox 861 1733 871 1751; x_wconf 87' lang='lat'><strong>‚</strong></span> <span class='ocrx_word' id='word_1_184' title='bbox 912 1704 961 1742; x_wconf 76' lang='lat' dir='ltr'><strong>lis</strong></span> <span class='ocrx_word' id='word_1_185' title='bbox 992 1706 1204 1744; x_wconf 82' lang='lat' dir='ltr'><strong>aestimata</strong></span> <span class='ocrx_word' id='word_1_186' title='bbox 1231 1715 1288 1745; x_wconf 83' lang='lat' dir='ltr'><strong>est</strong></span> <span class='ocrx_word' id='word_1_187' title='bbox 1315 1722 1360 1747; x_wconf 87' lang='lat' dir='ltr'><strong>eo</strong></span> <span class='ocrx_word' id='word_1_188' title='bbox 1375 1710 1548 1759; x_wconf 82' lang='lat' dir='ltr'><strong>nomine,</strong></span> 
     </span>
     <span class='ocr_line' id='line_1_23' title="bbox 108 1771 1279 1831; baseline 0.004 -20"><span class='ocrx_word' id='word_1_189' title='bbox 108 1771 217 1827; x_wconf 83' lang='lat' dir='ltr'><strong>quod</strong></span> <span class='ocrx_word' id='word_1_190' title='bbox 243 1771 314 1811; x_wconf 83' lang='lat' dir='ltr'><strong>ille</strong></span> <span class='ocrx_word' id='word_1_191' title='bbox 337 1772 386 1812; x_wconf 92' lang='lat' dir='ltr'><strong>ob</strong></span> <span class='ocrx_word' id='word_1_192' title='bbox 412 1786 498 1812; x_wconf 75' lang='lat' dir='ltr'><strong>tem</strong></span> <span class='ocrx_word' id='word_1_193' title='bbox 524 1771 781 1812; x_wconf 75' lang='lat' dir='ltr'><strong>iudicandum</strong></span> <span class='ocrx_word' id='word_1_194' title='bbox 809 1776 1026 1830; x_wconf 79' lang='lat' dir='ltr'><strong>pecuniam</strong></span> <span class='ocrx_word' id='word_1_195' title='bbox 1059 1777 1279 1831; x_wconf 75' lang='lat' dir='ltr'><strong>accepisset.</strong></span> 
     </span>
    </p>
   </div>
   <div class='ocr_carea' id='block_1_3' title="bbox 106 1862 1552 2133">
    <p class='ocr_par' dir='ltr' id='par_1_3' title="bbox 106 1862 1552 2133">
     <span class='ocr_line' id='line_1_24' title="bbox 222 1862 1552 1920; baseline 0.009 -16"><span class='ocrx_word' id='word_1_196' title='bbox 222 1862 260 1904; x_wconf 84' lang='lat'><strong>5.</strong></span> <span class='ocrx_word' id='word_1_197' title='bbox 304 1863 460 1903; x_wconf 84' lang='lat' dir='ltr'><strong>eosdem</strong></span> <span class='ocrx_word' id='word_1_198' title='bbox 509 1864 658 1903; x_wconf 82' lang='lat' dir='ltr'><strong>iudices</strong></span> <span class='ocrx_word' id='word_1_199' title='bbox 698 1864 920 1920; x_wconf 77' lang='lat' dir='ltr'><strong>absolvant]</strong></span> <span class='ocrx_word' id='word_1_200' title='bbox 991 1866 1113 1907; x_wconf 87' lang='lat' dir='ltr'><strong>Haud</strong></span> <span class='ocrx_word' id='word_1_201' title='bbox 1156 1874 1448 1914; x_wconf 83' lang='lat' dir='ltr'><strong>contemnenda</strong></span> <span class='ocrx_word' id='word_1_202' title='bbox 1493 1884 1552 1916; x_wconf 82' lang='lat' dir='ltr'><strong>est</strong></span> 
     </span>
     <span class='ocr_line' id='line_1_25' title="bbox 109 1935 1550 2002; baseline 0.01 -29"><span class='ocrx_word' id='word_1_203' title='bbox 109 1937 355 1990; x_wconf 86' lang='lat' dir='ltr'><strong>optimorum</strong></span> <span class='ocrx_word' id='word_1_204' title='bbox 382 1935 502 1975; x_wconf 87' lang='lat' dir='ltr'><strong>codd.</strong></span> <span class='ocrx_word' id='word_1_205' title='bbox 529 1938 723 1976; x_wconf 88' lang='lat' dir='ltr'><strong>correctio</strong></span> <span class='ocrx_word' id='word_1_206' title='bbox 751 1951 826 1990; x_wconf 88' lang='lat' dir='ltr'><strong>pro</strong></span> <span class='ocrx_word' id='word_1_207' title='bbox 856 1937 966 1991; x_wconf 86' lang='lat' dir='ltr'><strong>vulg.</strong></span> <span class='ocrx_word' id='word_1_208' title='bbox 1010 1953 1074 1978; x_wconf 86' lang='lat' dir='ltr'><strong>eos</strong></span> <span class='ocrx_word' id='word_1_209' title='bbox 1105 1941 1170 1979; x_wconf 76' lang='lat' dir='ltr'><em>illi</em></span> <span class='ocrx_word' id='word_1_210' title='bbox 1195 1942 1344 1982; x_wconf 80' lang='lat' dir='ltr'><strong>iudices</strong></span> <span class='ocrx_word' id='word_1_211' title='bbox 1361 1975 1372 1996; x_wconf 89' lang='lat'><strong>,</strong></span> <span class='ocrx_word' id='word_1_212' title='bbox 1400 1947 1441 1985; x_wconf 89' lang='lat' dir='ltr'><strong>in</strong></span> <span class='ocrx_word' id='word_1_213' title='bbox 1467 1962 1550 2002; x_wconf 89' lang='lat' dir='ltr'><strong>quo</strong></span> 
     </span>
     <span class='ocr_line' id='line_1_26' title="bbox 106 2006 1550 2072; baseline 0.01 -27"><span class='ocrx_word' id='word_1_214' title='bbox 106 2020 328 2061; x_wconf 82' lang='lat' dir='ltr'><strong>pronomen</strong></span> <span class='ocrx_word' id='word_1_215' title='bbox 366 2006 432 2046; x_wconf 68' lang='lat' dir='ltr'><em>illa·</em></span> <span class='ocrx_word' id='word_1_216' title='bbox 477 2007 521 2046; x_wconf 87' lang='lat' dir='ltr'><strong>in</strong></span> <span class='ocrx_word' id='word_1_217' title='bbox 558 2021 602 2047; x_wconf 88' lang='lat' dir='ltr'><strong>re</strong></span> <span class='ocrx_word' id='word_1_218' title='bbox 631 2037 643 2059; x_wconf 87' lang='lat'><strong>,</strong></span> <span class='ocrx_word' id='word_1_219' title='bbox 673 2022 793 2062; x_wconf 84' lang='lat' dir='ltr'><strong>quam</strong></span> <span class='ocrx_word' id='word_1_220' title='bbox 839 2023 955 2063; x_wconf 87' lang='lat' dir='ltr'><strong>saepe</strong></span> <span class='ocrx_word' id='word_1_221' title='bbox 998 2010 1084 2050; x_wconf 86' lang='lat' dir='ltr'><strong>fieri</strong></span> <span class='ocrx_word' id='word_1_222' title='bbox 1127 2013 1310 2054; x_wconf 89' lang='lat' dir='ltr'><strong>videmus</strong></span> <span class='ocrx_word' id='word_1_223' title='bbox 1340 2030 1470 2072; x_wconf 86' lang='lat' dir='ltr'><strong>neque</strong></span> <span class='ocrx_word' id='word_1_224' title='bbox 1498 2020 1550 2061; x_wconf 89' lang='lat' dir='ltr'><strong>ad</strong></span> 
     </span>
     <span class='ocr_line' id='line_1_27' title="bbox 107 2077 1494 2133; baseline 0.006 -15"><span class='ocrx_word' id='word_1_225' title='bbox 107 2086 256 2119; x_wconf 76' lang='lat' dir='ltr'><strong>certam</strong></span> <span class='ocrx_word' id='word_1_226' title='bbox 285 2077 463 2133; x_wconf 85' lang='lat' dir='ltr'><strong>aliquam</strong></span> <span class='ocrx_word' id='word_1_227' title='bbox 490 2092 651 2119; x_wconf 88' lang='lat' dir='ltr'><strong>causam</strong></span> <span class='ocrx_word' id='word_1_228' title='bbox 684 2080 891 2120; x_wconf 87' lang='lat' dir='ltr'><strong>referimus</strong></span> <span class='ocrx_word' id='word_1_229' title='bbox 910 2112 920 2130; x_wconf 80' lang='lat'>‚</span> <span class='ocrx_word' id='word_1_230' title='bbox 952 2081 1071 2121; x_wconf 84' lang='lat' dir='ltr'><strong>valde</strong></span> <span class='ocrx_word' id='word_1_231' title='bbox 1094 2084 1395 2128; x_wconf 85' lang='lat' dir='ltr'><strong>incommodum</strong></span> <span class='ocrx_word' id='word_1_232' title='bbox 1419 2098 1494 2131; x_wconf 81' lang='lat' dir='ltr'><strong>est.</strong></span> 
     </span>
    </p>
   </div>
   <div class='ocr_carea' id='block_1_4' title="bbox 104 2173 1549 2503">
    <p class='ocr_par' dir='ltr' id='par_1_4' title="bbox 104 2173 1549 2503">
     <span class='ocr_line' id='line_1_28' title="bbox 226 2173 1549 2238; baseline 0.008 -25"><span class='ocrx_word' id='word_1_233' title='bbox 226 2187 290 2227; x_wconf 89' lang='lat'><strong>¹7·</strong></span> <span class='ocrx_word' id='word_1_234' title='bbox 320 2173 705 2215; x_wconf 78' lang='lat' dir='ltr'><strong>animadversionem</strong></span> <span class='ocrx_word' id='word_1_235' title='bbox 730 2184 844 2231; x_wconf 77' lang='lat' dir='ltr'><strong>atque</strong></span> <span class='ocrx_word' id='word_1_236' title='bbox 870 2176 1146 2217; x_wconf 79' lang='lat' dir='ltr'><strong>auctoritatem</strong></span> <span class='ocrx_word' id='word_1_237' title='bbox 1177 2180 1424 2238; x_wconf 69' lang='lat' dir='ltr'><strong>Cemoriam]</strong></span> <span class='ocrx_word' id='word_1_238' title='bbox 1452 2184 1549 2224; x_wconf 89' lang='lat' dir='ltr'><strong>Ele-</strong></span> 
     </span>
     <span class='ocr_line' id='line_1_29' title="bbox 106 2244 1549 2306; baseline 0.008 -22"><span class='ocrx_word' id='word_1_239' title='bbox 106 2251 268 2304; x_wconf 76' lang='lat' dir='ltr'><strong>gantem</strong></span> <span class='ocrx_word' id='word_1_240' title='bbox 306 2244 430 2286; x_wconf 80' lang='lat' dir='ltr'><strong>huius</strong></span> <span class='ocrx_word' id='word_1_241' title='bbox 464 2245 542 2287; x_wconf 88' lang='lat' dir='ltr'><strong>loci</strong></span> <span class='ocrx_word' id='word_1_242' title='bbox 584 2248 867 2302; x_wconf 81' lang='lat' dir='ltr'><strong>proprietatem</strong></span> <span class='ocrx_word' id='word_1_243' title='bbox 908 2255 1049 2288; x_wconf 89' lang='lat' dir='ltr'><strong>contra</strong></span> <span class='ocrx_word' id='word_1_244' title='bbox 1078 2264 1322 2306; x_wconf 82' lang='lat' dir='ltr'><strong>praepopera</strong></span> <span class='ocrx_word' id='word_1_245' title='bbox 1350 2254 1549 2296; x_wconf 83' lang='lat' dir='ltr'><strong>editorum</strong></span> 
     </span>
     <span class='ocr_line' id='line_1_30' title="bbox 104 2317 1548 2367; baseline 0.006 -8"><span class='ocrx_word' id='word_1_246' title='bbox 104 2317 317 2359; x_wconf 61' lang='lat' dir='ltr'><strong>honamina</strong></span> <span class='ocrx_word' id='word_1_247' title='bbox 361 2319 457 2358; x_wconf 85' lang='lat' dir='ltr'><strong>satis</strong></span> <span class='ocrx_word' id='word_1_248' title='bbox 497 2325 634 2359; x_wconf 87' lang='lat' dir='ltr'><strong>tuetur</strong></span> <span class='ocrx_word' id='word_1_249' title='bbox 677 2321 944 2359; x_wconf 86' lang='lat' dir='ltr'><strong>Garatonius:</strong></span> <span class='ocrx_word' id='word_1_250' title='bbox 987 2321 1156 2362; x_wconf 89' lang='lat' dir='ltr'><strong>rariores</strong></span> <span class='ocrx_word' id='word_1_251' title='bbox 1183 2322 1413 2365; x_wconf 89' lang='lat' dir='ltr'><strong>huiusmodi</strong></span> <span class='ocrx_word' id='word_1_252' title='bbox 1442 2334 1548 2367; x_wconf 83' lang='lat' dir='ltr'><strong>stru-</strong></span> 
     </span>
     <span class='ocr_line' id='line_1_31' title="bbox 105 2390 1546 2445; baseline 0.006 -15"><span class='ocrx_word' id='word_1_253' title='bbox 105 2396 266 2442; x_wconf 72' lang='lat' dir='ltr'><strong>etun-as,</strong></span> <span class='ocrx_word' id='word_1_254' title='bbox 295 2404 400 2445; x_wconf 88' lang='lat' dir='ltr'><strong>quae</strong></span> <span class='ocrx_word' id='word_1_255' title='bbox 425 2390 478 2430; x_wconf 92' lang='lat' dir='ltr'><strong>ad</strong></span> <span class='ocrx_word' id='word_1_256' title='bbox 505 2391 783 2439; x_wconf 83' lang='lat' dir='ltr'><strong>attractionem</strong></span> <span class='ocrx_word' id='word_1_257' title='bbox 811 2393 1038 2445; x_wconf 89' lang='lat' dir='ltr'><strong>pertinent,</strong></span> <span class='ocrx_word' id='word_1_258' title='bbox 1069 2407 1151 2433; x_wconf 88' lang='lat' dir='ltr'><strong>non</strong></span> <span class='ocrx_word' id='word_1_259' title='bbox 1180 2409 1203 2435; x_wconf 87' lang='lat' dir='ltr'><strong>a</strong></span> <span class='ocrx_word' id='word_1_260' title='bbox 1231 2395 1405 2436; x_wconf 80' lang='lat' dir='ltr'><strong>librariis</strong></span> <span class='ocrx_word' id='word_1_261' title='bbox 1435 2397 1546 2438; x_wconf 88' lang='lat' dir='ltr'><strong>inve-</strong></span> 
     </span>
     <span class='ocr_line' id='line_1_32' title="bbox 104 2456 1179 2503; baseline 0 -2"><span class='ocrx_word' id='word_1_262' title='bbox 104 2461 185 2502; x_wconf 82' lang='lat' dir='ltr'><strong>niri</strong></span> <span class='ocrx_word' id='word_1_263' title='bbox 210 2475 331 2503; x_wconf 81' lang='lat' dir='ltr'><strong>nemo</strong></span> <span class='ocrx_word' id='word_1_264' title='bbox 357 2476 441 2503; x_wconf 86' lang='lat' dir='ltr'><strong>non</strong></span> <span class='ocrx_word' id='word_1_265' title='bbox 469 2462 593 2503; x_wconf 83' lang='lat' dir='ltr'><strong>videt.</strong></span> <span class='ocrx_word' id='word_1_266' title='bbox 1171 2456 1179 2464; x_wconf 73' lang='lat'>‘</span> 
     </span>
    </p>
   </div>
   <div class='ocr_carea' id='block_1_5' title="bbox 103 2547 1544 2759">
    <p class='ocr_par' dir='ltr' id='par_1_5' title="bbox 103 2547 1544 2759">
     <span class='ocr_line' id='line_1_33' title="bbox 214 2547 1544 2610; baseline 0.008 -21"><span class='ocrx_word' id='word_1_267' title='bbox 214 2547 263 2589; x_wconf 86' lang='lat'><strong>81</strong></span> <span class='ocrx_word' id='word_1_268' title='bbox 285 2577 299 2600; x_wconf 89' lang='lat'><strong>,</strong></span> <span class='ocrx_word' id='word_1_269' title='bbox 331 2549 370 2592; x_wconf 83' lang='lat'><strong>5.</strong></span> <span class='ocrx_word' id='word_1_270' title='bbox 398 2550 594 2604; x_wconf 70' lang='lat' dir='ltr'><strong>utrimque</strong></span> <span class='ocrx_word' id='word_1_271' title='bbox 621 2547 745 2602; x_wconf 76' lang='lat' dir='ltr'><strong>qffi&#39;cii</strong></span> <span class='ocrx_word' id='word_1_272' title='bbox 768 2552 976 2591; x_wconf 74' lang='lat' dir='ltr'><strong>constituta</strong></span> <span class='ocrx_word' id='word_1_273' title='bbox 1001 2555 1257 2610; x_wconf 74' lang='lat' dir='ltr'><strong>necessitudo]</strong></span> <span class='ocrx_word' id='word_1_274' title='bbox 1326 2558 1448 2598; x_wconf 81' lang='lat' dir='ltr'><strong>Recte</strong></span> <span class='ocrx_word' id='word_1_275' title='bbox 1487 2561 1544 2599; x_wconf 88' lang='lat' dir='ltr'><strong>sie</strong></span> 
     </span>
     <span class='ocr_line' id='line_1_34' title="bbox 103 2617 1544 2676; baseline 0.008 -17"><span class='ocrx_word' id='word_1_276' title='bbox 103 2617 268 2674; x_wconf 75' lang='lat' dir='ltr'><strong>vulgata</strong></span> <span class='ocrx_word' id='word_1_277' title='bbox 291 2621 490 2676; x_wconf 81' lang='lat' dir='ltr'><strong>scriptura</strong></span> <span class='ocrx_word' id='word_1_278' title='bbox 518 2628 624 2660; x_wconf 84' lang='lat' dir='ltr'><strong>stare</strong></span> <span class='ocrx_word' id='word_1_279' title='bbox 651 2621 810 2661; x_wconf 81' lang='lat' dir='ltr'><strong>videtur</strong></span> <span class='ocrx_word' id='word_1_280' title='bbox 832 2653 842 2670; x_wconf 87' lang='lat'><strong>,</strong></span> <span class='ocrx_word' id='word_1_281' title='bbox 873 2624 1057 2676; x_wconf 83' lang='lat' dir='ltr'><strong>quamvis</strong></span> <span class='ocrx_word' id='word_1_282' title='bbox 1085 2624 1280 2667; x_wconf 84' lang='lat' dir='ltr'><strong>librorum</strong></span> <span class='ocrx_word' id='word_1_283' title='bbox 1309 2632 1544 2671; x_wconf 75' lang='lat' dir='ltr'><strong>auctoritate</strong></span> 
     </span>
     <span class='ocr_line' id='line_1_35' title="bbox 104 2689 1543 2759; baseline 0.008 -28"><span class='ocrx_word' id='word_1_284' title='bbox 104 2690 318 2732; x_wconf 74' lang='lat' dir='ltr'><strong>destituta:</strong></span> <span class='ocrx_word' id='word_1_285' title='bbox 347 2706 441 2733; x_wconf 88' lang='lat' dir='ltr'><strong>nam</strong></span> <span class='ocrx_word' id='word_1_286' title='bbox 468 2689 609 2744; x_wconf 80' lang='lat' dir='ltr'><strong>officiis</strong></span> <span class='ocrx_word' id='word_1_287' title='bbox 637 2707 834 2747; x_wconf 85' lang='lat' dir='ltr'><strong>nusquam</strong></span> <span class='ocrx_word' id='word_1_288' title='bbox 868 2701 1062 2748; x_wconf 86' lang='lat' dir='ltr'><strong>apparet,</strong></span> <span class='ocrx_word' id='word_1_289' title='bbox 1092 2697 1243 2752; x_wconf 89' lang='lat' dir='ltr'><strong>ubique</strong></span> <span class='ocrx_word' id='word_1_290' title='bbox 1269 2699 1404 2753; x_wconf 77' lang='lat' dir='ltr'><strong>officii,</strong></span> <span class='ocrx_word' id='word_1_291' title='bbox 1434 2703 1543 2759; x_wconf 86' lang='lat' dir='ltr'><strong>quod</strong></span> 
     </span>
    </p>
   </div>
  </div>
 </body>
</html>
