1846 3178
308 159 369 206 28
923 150 1130 193 onArlo

230 286 284 342 39
312 276 574 334 terfectum
608 276 812 326 fatetur.
877 275 1176 326 Extrahitur
1209 276 1357 327 domo
1389 278 1591 328 latitans
1608 277 1735 345 Op?-

300 360 530 429 pianicus
562 378 590 409 a
617 359 830 408 Manlio:
881 359 1032 408 index
1063 359 1273 409 Avillius
1309 378 1368 411 ex
1399 361 1556 409 altera
1588 369 1734 427 parte

300 458 469 490 coram
514 453 726 491 tenetur.
793 441 890 490 Hic
935 441 1065 508 quid
1097 443 1198 490 iam
1231 442 1427 510 reliqua
1458 440 1735 510 quaeritis?

299 523 551 571 Manlium
576 521 806 589 plerique
830 523 1040 571 noratis:
1065 540 1169 571 non
1189 522 1276 571 ille
1295 523 1539 572 honorem
1557 541 1589 570 a
1611 537 1735 590 :pue-

300 603 441 659 ritia‚
478 621 582 651 non
613 603 778 651 studia
812 604 1036 660 virtutis,
1078 623 1183 653 non
1215 605 1382 654 ullum
1417 602 1762 654 existimatio-5

301 683 378 731 nis
409 683 571 732 bonae
601 683 829 732 fructum
863 702 1111 752 umquam
1139 684 1403 751 cogitarat:
1438 683 1527 747 sed
1557 700 1619 734 ex
1650 700 1735 753 pe-

302 764 488 812 tulanti
522 776 674 831 atque
713 766 946 834 improbo
991 785 1184 824 scurra,
1234 767 1292 815 in
1325 766 1582 816 discordiis
1601 764 1736 815 civi-

302 844 428 902 tatis,
452 843 516 892 ad
541 862 651 894 eam
679 848 995 905 columnam,
1024 847 1088 896 acl
1112 866 1268 914 quam
1286 847 1568 913 multorum
1592 862 1736 914 saepe

299 926 534 975 conviciis
561 919 833 995 perductus
854 942 984 988 erat,
1012 941 1122 977 tum
1146 928 1396 995 suffragiis
1420 927 1600 996 populi
1625 942 1736 996 per·-

299 1020 514 1057 venerat.
582 1013 758 1076 Itaque
785 1027 892 1060 rem
917 1028 1033 1059 cum
1060 1009 1343 1078 Oppianico
1376 1009 1625 1076 transigit:
1650 1025 1787 1077 pe-to

297 1090 502 1138 cuniam
521 1090 586 1137 ab
614 1108 670 1139 eo
697 1091 902 1159 accipit:
946 1108 1145 1140 causam
1176 1102 1226 1138 et
1253 1101 1531 1157 susceptam
1554 1102 1605 1138 et
1631 1101 1736 1138 tam

297 1170 610 1219 manifestam
644 1171 903 1238 relinquit.
970 1174 1042 1220 Ac
1069 1184 1179 1220 tum
1206 1170 1261 1218 in
1288 1170 1560 1237 Oppianici
1587 1188 1735 1220 causa

301 1251 494 1299 crimen
520 1251 616 1300 hoc
631 1251 941 1300 Asuvianum
966 1269 1130 1318 quum
1158 1251 1364 1299 testibus
1391 1250 1586 1310 multis,
1623 1263 1736 1300 tum

300 1348 416 1380 vero
442 1330 630 1380 indicio
645 1332 816 1380 Avillii
829 1332 1265 1400 comprobabatur:
1289 1332 1345 1379 in
1357 1348 1460 1397 quo
1473 1331 1736 1402 alligatum

297 1411 572 1481 Oppianici
629 1429 816 1461 nomen
863 1413 1091 1480 primum
1139 1428 1235 1460 esse
1269 1410 1550 1467 constabat,
1596 1411 1726 1464 eius,
1738 1422 1785 1463 15

293 1510 448 1560 quem
481 1511 563 1543 vos
595 1493 835 1541 miserum
868 1505 1021 1559 atque
1051 1492 1375 1542 innocentem
1395 1490 1517 1541 falso
1542 1491 1734 1543 iudicio

295 1576 702 1632 circumventum(
729 1590 829 1621 esse
864 1572 1042 1621 dicitis.

209 1657 267 1705 14
420 1655 598 1719 Quid?
631 1655 795 1704 aviam
820 1666 980 1713 tuam,
1007 1653 1310 1722 Oppianice,
1345 1654 1612 1713 Dinaeam,
1647 1656 1731 1704 cui

206 1721 259 1773 4⁰
301 1751 359 1790 tu
394 1754 442 1785 es
475 1736 639 1795 heres,
673 1749 816 1804 pater
851 1748 967 1784 tuus
992 1754 1097 1784 non
1123 1735 1384 1800 manifesto
1406 1737 1633 1786 necavit?
1665 1736 1733 1786 ad

295 1837 450 1888 quam
503 1837 666 1885 quum
715 1816 997 1868 adduxisset
1046 1817 1301 1866 medicum
1349 1817 1498 1868 illum
1551 1836 1702 1868 suum
1715 1838 1786 1880 ,20

401 1988 440 2026 3.
469 1988 550 2025 iam
583 1986 680 2039 quid
830 1999 890 2024 11.
919 1992 958 2025 et
975 1984 1222 2024 manifestam
1365 1983 1424 2036 14.
1451 1983 1696 2037 probabatur
1713 1999 1726 2024 ε

401 2043 443 2079 in
469 2055 548 2095 quo
582 2041 685 2079 inter
713 2039 899 2095 allegatos

384 2198 416 2222 2.
467 2185 601 2218 Manlio
624 2186 692 2219 AB
705 2187 720 2218 ι’
841 2184 993 2217 Manilio
1013 2185 1042 2218 R
1056 2185 1083 2217 Ο
1243 2183 1275 2217 3.
1301 2182 1386 2215 hinc
1407 2193 1431 2214 α
1546 2181 1641 2227 quid‘
1651 2183 1725 2216 iam

294 2233 366 2267 AB
412 2233 484 2265 iam
508 2231 596 2278 quid
619 2233 687 2266 Ro
825 2231 857 2275 4.
881 2230 1057 2264 Manlium
1087 2230 1182 2264 ABi
1312 2230 1341 2263 5.
1374 2239 1448 2261 non
1479 2227 1605 2275 ullum]
1640 2229 1725 2262 nul-

291 2280 368 2312 lum
393 2279 475 2326 bcq
547 2289 620 2310 non
645 2278 787 2310 nullum
810 2288 834 2309 α
950 2277 986 2311 6.
1012 2277 1184 2321 cogitaret
1205 2275 1292 2309 abc
1347 2275 1409 2309 sed
1434 2287 1499 2308 om.
1522 2275 1589 2308 AB

291 2325 384 2371 tum]
411 2336 490 2357 cum
514 2324 858 2372 ABbcfilqaon
905 2334 975 2370 qua
1002 2334 1081 2358 cum
1107 2335 1129 2357 ν
1203 2334 1255 2359 ιο.
1279 2320 1367 2368 rem]
1395 2326 1472 2354 tum
1496 2322 1569 2354 AB
1665 2333 1718 2355 ιι.

291 2377 363 2405 tam
392 2370 474 2406 add.
495 2382 538 2404 ex
555 2371 655 2404 ABb
676 2373 807 2412 (corr.)
875 2382 924 2404 ια.
951 2369 1099 2415 reliquit
1122 2369 1324 2415 ABabcq
1339 2379 1363 2400 α
1415 2369 1466 2404 13.
1502 2367 1723 2400 Avillianum

290 2420 360 2452 AB
459 2417 508 2461 ¹4·
533 2428 617 2450 vero
643 2429 707 2450 om.
736 2414 1307 2464 desghiklmnorstuvdt
1353 2411 1503 2458 indicio}
1532 2413 1668 2446 iudicio
1700 2414 1720 2446 b

292 2465 497 2498 celzinov
512 2475 544 2495 w
560 2474 583 2494 α
629 2463 773 2497 illiusB
819 2462 998 2496 inditiisA
1021 2474 1089 2499 sec.
1114 2474 1157 2494 m.
1182 2459 1291 2507 (quid
1308 2461 1426 2507 prima
1444 2459 1622 2499 habuerit,
1648 2471 1724 2492 nom

290 2512 422 2558 liquet)
470 2509 769 2554 comprobabatur
792 2509 875 2554 ghi
892 2521 958 2555 mp
971 2517 1070 2542 rstu
1083 2507 1133 2547 δζ
1193 2507 1442 2551 comprobatur
1465 2505 1536 2539 AB
1549 2506 1601 2539 ab
1615 2505 1732 2552 edes

289 2556 442 2604 klnoq
456 2569 521 2589 vw
536 2565 586 2588 σεε
702 2556 925 2601 probabatur
951 2566 971 2587 κ
986 2557 1100 2600 λμνξ
1122 2554 1222 2598 vulg.
1338 2554 1378 2585 in
1402 2563 1472 2598 quo
1496 2551 1725 2597 alligatumA

290 2603 320 2636 Β
375 2604 413 2635 in
438 2615 508 2648 quo
537 2602 582 2634 ad
607 2602 702 2635 inter
727 2603 916 2646 allegatum
942 2613 959 2634 c
975 2615 998 2648 q
1058 2601 1095 2634 in
1121 2611 1191 2644 quo
1216 2599 1262 2632 ad
1285 2600 1379 2632 inter
1404 2598 1574 2641 allegatos
1601 2599 1620 2630 h
1680 2598 1720 2630 iu

291 2660 363 2694 quo
387 2650 481 2682 intra
507 2647 552 2680 ad
574 2649 709 2693 legatos
734 2662 765 2682 w
830 2650 866 2681 iu
893 2660 964 2693 quo
991 2649 1086 2680 inter
1113 2647 1282 2690 allegatos
1307 2646 1375 2678 Ro
1395 2652 1543 2690 praeter
1558 2646 1591 2684 ξ,
1655 2645 1721 2691 qui

291 2695 404 2729 verba
429 2697 523 2729 inter
547 2695 719 2740 allegatos
748 2695 883 2730 delevit
990 2696 1039 2728 16.
1066 2705 1126 2727 vos
1152 2704 1219 2728 om.
1243 2692 1360 2738 B(pr.
1386 2694 1450 2733 m.)
1564 2693 1623 2731 18..
1643 2689 1716 2736 cuil

295 2752 393 2776 culus
420 2752 452 2774 α.
