1846 3178
330 202 347 233 1
356 186 416 235 80
863 181 1193 224 ADNOTATIO

322 303 513 342 sententia
548 304 734 358 profecit:
779 304 834 342 sic
862 305 967 342 enim
996 310 1037 342 et
1064 317 1179 343 causa
1191 332 1205 353 ,
1235 310 1395 358 propter
1419 314 1538 355 quam
1566 299 1738 340 severio-

319 385 383 412 res
407 372 551 414 iudices
585 376 639 413 sic
675 373 986 426 pronuntiabant
1018 371 1106 428 (qui
1129 375 1200 412 hoc
1222 381 1443 412 statuerunt
1470 394 1520 404 —
1547 375 1741 426 oportere)

320 450 360 483 et
386 445 514 497 ipsum
543 444 691 483 factum
727 443 819 494 (etsi
850 466 896 474 —
922 465 974 473 -—
999 443 1190 498 putabant
1217 442 1411 497 oportere)
1449 449 1554 482 recte
1602 441 1740 494 dispo-

319 515 393 554 sita
430 514 573 553 clarius
613 513 795 564 elucent3
842 521 927 552 tum
971 514 1090 552 etiam
1129 512 1388 566 praecedente
1415 512 1484 552 illo
1519 513 1591 552 etsi
1605 541 1618 564 ,
1646 524 1740 565 pan-

316 585 475 632 ticulae,
517 598 619 638 quae
667 591 901 637 sequuntur,
951 594 1086 624 tamen
1134 585 1257 623 nihilo
1299 585 1424 623 minus
1469 583 1618 624 habent
1658 594 1740 636 quo

315 655 504 695 nitantur.

427 733 503 785 56,
535 750 574 790 7.
601 749 788 774 summam
817 735 881 774 illi
914 734 1056 773 iudicio
1091 733 1307 788 invidiam]
1366 733 1482 772 Haec
1527 732 1738 787 scriptura,

325 804 375 844 de
413 819 492 858 qua
532 819 650 844 nemo
680 805 799 843 hodie
826 804 1006 855 dubitat,
1041 807 1199 844 nonnisi
1227 804 1372 843 codicis
1396 803 1439 842 S.
1467 802 1641 842 Victoris
1666 815 1739 843 au-

325 875 521 924 ctoritate,
563 881 755 927 qnantum
803 881 943 913 notum
983 882 1092 924 erat,
1123 874 1344 913 nitebatur:
1375 887 1481 913 nunc
1508 872 1671 912 demum
1689 871 1740 912 ad

317 943 627 983 confirmandam
655 944 772 982 fidem
809 945 948 997 optimi
990 944 1113 983 nostri
1146 944 1362 983 accedunt:
1404 943 1545 998 reliqui
1582 955 1740 995 omneS,'

315 1020 509 1069 quotquot
536 1028 559 1052 a
588 1013 684 1053 viris
720 1014 845 1053 doctis
889 1015 1052 1066 inspecti
1081 1021 1218 1062 erant,
1251 1012 1420 1053 vei-bum
1448 1012 1593 1053 iudim'o
1618 1013 1741 1052 omit-·

313 1091 416 1126 tunt.
472 1083 548 1122 Sed
585 1091 631 1122 ut
667 1083 741 1122 hoc
770 1083 849 1122 dici
877 1084 1072 1136 potuerit,
1103 1083 1210 1137 quod
1239 1091 1371 1123 tamen
1397 1085 1462 1123 vix
1492 1098 1516 1123 a
1547 1083 1740 1123 Cicerone

314 1161 416 1194 esset
462 1166 718 1200 concessum,
765 1168 962 1192 summam
1012 1154 1190 1193 Cluentio
1228 1154 1418 1193 invidiam
1458 1161 1497 1193 et
1532 1153 1740 1193 infamiam

312 1231 399 1263 tum
437 1224 553 1262 fuisse
601 1221 839 1270 conflatam,
871 1224 1070 1276 quomodo
1103 1223 1202 1262 illud
1231 1231 1334 1263 stare
1370 1226 1523 1277 potuit:
1558 1226 1600 1264 in
1630 1225 1735 1264 ha'nc

313 1292 478 1333 alterius
515 1291 714 1331 flammam
754 1292 927 1332 invidiae
974 1293 1021 1332 C.
1065 1293 1224 1332 Iunium
1262 1294 1450 1332 iniectum
1491 1296 1611 1333 esse?
1664 1293 1738 1333 Est

314 1365 475 1405 omnino
513 1362 647 1401 iudicii
689 1362 794 1400 illius
832 1362 1018 1410 infamia,
1060 1364 1102 1401 in
1147 1377 1267 1416 quam
1303 1377 1469 1415 omnes,
1515 1376 1617 1418 quae
1653 1369 1741 1403 tum

314 1434 591 1490 sequebantur,
611 1448 750 1472 causae
778 1434 1011 1486 contagione
1027 1434 1199 1486 quadam
1228 1434 1502 1476 incurrebant.

424 1531 463 1571 9.
496 1524 684 1554 recentem
722 1515 820 1569 tum]
860 1516 1118 1555 Restituimus
1156 1531 1200 1555 ex
1242 1516 1358 1555 MSS.
1398 1515 1515 1570 longe
1548 1513 1745 1569 plerisque

314 1586 559 1643 particulam
596 1595 688 1636 tam,
736 1601 838 1639 quae
874 1602 965 1625 cum
994 1587 1188 1626 adiectivo
1217 1597 1404 1627 recentem
1436 1594 1543 1626 arcte
1570 1599 1746 1626 connexa

315 1671 441 1711 paene
471 1657 688 1694 necessaria
719 1664 798 1705 est,
830 1664 876 1695 ut
907 1657 1118 1695 lunianum
1147 1658 1335 1696 iudicium
1363 1658 1475 1697 brevi
1502 1665 1591 1712 post
1615 1663 1744 1696 actam

316 1729 529 1782 Oppianici
561 1741 717 1766 causam
753 1726 933 1764 habitum
966 1741 1047 1764 esse
1075 1734 1278 1779 appareat.
1325 1728 1557 1781 Saepissime
1584 1725 1744 1780 quoque

317 1814 340 1838 a
367 1799 554 1838 Cicerone
598 1807 678 1836 tum
706 1797 900 1836 adiectivo
938 1811 1071 1837 recens
1099 1799 1324 1838 adnectitur
1351 1813 1390 1842 v.
1419 1813 1454 1838 c.
1489 1813 1526 1838 c.
1562 1798 1623 1838 13.
1653 1795 1742 1836 init.

317 1883 352 1910 c.
381 1870 447 1910 51.
478 1868 543 1920 84.

431 1949 494 1988 13.
523 1949 596 1987 secl
621 1948 811 2002 clamore]
868 1950 1059 1988 Traxerat
1086 1950 1150 1990 hic
1178 1951 1287 1991 locus
1319 1966 1364 1991 ex
1393 1952 1641 2006 Repetitione
1668 1964 1742 1990 no-

319 2022 436 2063 minis
453 2051 463 2069 ,
492 2020 598 2074 quod
626 2021 744 2059 modo
773 2022 1054 2074 praecedebat,
1098 2024 1240 2061 vitium
1257 2052 1268 2073 ‚
1299 2023 1406 2076 quod
1447 2037 1554 2062 nunc
1581 2021 1744 2060 demum

319 2090 572 2131 sustulimus:
604 2105 694 2128 nam
733 2091 832 2129 nihii
860 2092 988 2130 bonae
1012 2093 1133 2145 frugis
1159 2094 1198 2131 in
1233 2093 1407 2147 genitivo
1435 2093 1647 2143 hominum,
1674 2091 1743 2146 qui

319 2161 439 2214 vulgo
480 2160 622 2214 legitur
667 2167 757 2213 post
800 2175 889 2200 voc.
936 2163 1124 2201 clamore.
1178 2163 1277 2201 Erat
1307 2163 1438 2216 potius
1465 2160 1614 2201 clamor
1640 2174 1664 2199 a
1690 2159 1740 2199 L.

321 2232 528 2284 Quinctio,
559 2231 719 2270 homine
749 2233 992 2282 turbulento,
1026 2234 1202 2274 sublatus
1229 2242 1268 2274 et
1297 2235 1500 2274 excitatus.

430 2324 505 2375 58,
541 2339 573 2363 1.
601 2325 687 2363 iam
715 2327 998 2366 multitudinem
1028 2330 1229 2366 criminum
1252 2337 1290 2367 et
1314 2324 1573 2380 atrocitatem]
1629 2325 1743 2366 Prae·

321 2401 382 2434 ter
398 2395 577 2433 ordinem
593 2396 804 2434 verborum
836 2411 878 2435 ex
898 2405 994 2450 optt.
1026 2399 1142 2436 codd.
1174 2398 1426 2438 emendatum
1452 2403 1674 2451 opportune
1696 2409 1742 2434 ex

322 2465 461 2505 iisdem
491 2467 728 2518 particulam
758 2467 838 2504 iam
868 2481 940 2519 pro
968 2466 1130 2520 vulgato
1159 2469 1284 2523 ipsam
1312 2469 1416 2507 nacti
1444 2481 1601 2506 sumus:
1633 2465 1744 2519 quod

321 2549 482 2588 prorsus
516 2537 633 2574 huius
681 2536 755 2575 loci
796 2551 876 2576 non
925 2545 1031 2576 erat:
1070 2553 1163 2576 nam
1203 2539 1328 2592 ipsam
1355 2539 1410 2577 sic
1438 2537 1599 2577 demum
1637 2542 1743 2576 recte

322 2605 423 2645 foret
452 2609 672 2668 oppositum
688 2637 698 2656 ‚
730 2603 1001 2646 si‘multitudo
1029 2609 1240 2647 criminum
1271 2616 1309 2648 et
1335 2609 1520 2648 atrocitas
1544 2622 1624 2647 non
1650 2609 1743 2648 satis

322 2675 505 2716 idoneam
554 2678 707 2716 timoris
742 2691 899 2716 causam
936 2679 977 2716 in
1013 2692 1054 2717 se
1090 2678 1278 2719 haberet:
1323 2693 1453 2733 quum
1498 2685 1630 2719 tamen
1676 2674 1742 2719 vel
