1846 3178
296 193 358 241 36
899 189 1107 230 oRA‘r1o

292 328 487 361 NENUM
531 329 654 361 Essa
702 329 1149 364 DEPREnENsumz
1212 316 1382 365 omnia
1429 316 1526 366 tela
1570 316 1724 367 totius

291 395 616 443 accusationis
668 394 722 442 in
758 395 1101 462 Oppianicum
1135 397 1561 447 conficiebantur:
1607 414 1724 467 ape-

292 474 519 525 riebatur
547 493 690 523 causa
725 475 1046 524 insidiarum:
1084 478 1432 527 Fabriciorum
1463 479 1724 528 familiari-

293 569 364 604 tas
387 558 895 606 commemorabatur:
929 558 1148 607 hominis
1173 561 1274 608 vita
1301 573 1351 610 et
1375 560 1584 621 audacia
1608 563 1724 630 pro-

291 638 572 686 ferebatur:
624 638 844 706 denique
868 640 1029 688 omnis
1050 642 1295 690 accusatio
1326 642 1461 690 varie
1488 642 1748 709 graviter-5

233 721 243 729 ‘
290 738 389 787 que
427 734 659 780 tractata,
706 722 770 769 ad
815 735 1095 771 extremum
1129 723 1391 772 manifesta
1425 723 1606 774 veneni
1639 721 1723 770 de-

211 802 258 844 51

192 1783 252 1831 19

204 2435 252 2476 52

293 802 624 871 prehensione
657 805 891 852 conclusa
918 817 999 853 est.
1067 805 1164 852 Hic
1185 822 1272 871 ego
1300 817 1410 853 tum
1435 804 1500 852 ad
1522 819 1725 875 respn-

292 883 516 932 dendum
549 887 762 934 surrexi:
798 906 900 953 qua
935 889 1087 935 cura?
1132 888 1220 935 Dii
1253 887 1581 936 immortales!
1617 879 1722 955 qua

291 964 632 1013 sollicitudine
658 967 849 1016 animi?
881 985 983 1033 quo
1014 968 1227 1016 timore?
1259 970 1463 1035 Semper
1485 957 1723 1035 equidem

291 1064 471 1112 magno
506 1065 621 1094 cum
655 1061 795 1096 metu
829 1049 1018 1118 incipio
1065 1049 1253 1097 dicere:
1305 1049 1777 1116 quotiescumquexo

291 1126 424 1185 dico,
476 1128 618 1176 toties
661 1129 789 1176 mihi
827 1129 996 1179 videor
1038 1131 1094 1178 in
1129 1131 1378 1179 iudicium
1409 1131 1581 1179 venire
1617 1149 1722 1179 non

291 1209 480 1276 ingenii
515 1210 691 1267 solum,
726 1210 810 1258 sed
844 1212 995 1259 etiam
1020 1212 1223 1261 virtutis
1256 1225 1408 1278 atque
1443 1211 1621 1260 officii:
1658 1228 1724 1260 ne

289 1303 380 1338 aut
414 1290 467 1337 id
501 1291 722 1358 profiteri
759 1291 951 1350 videar,
986 1292 1125 1358 quod
1153 1312 1257 1341 non
1283 1293 1464 1361 possim
1488 1293 1721 1360 implere3

288 1370 429 1437 quod
462 1383 532 1419 est
565 1372 933 1440 impudentiae:
978 1387 1067 1422 aut
1101 1374 1154 1422 id
1190 1394 1294 1423 non
1328 1377 1547 1434 efficere,
1581 1373 1724 1442 quod

285 1453 494 1522 possim3
540 1454 679 1521 quod
712 1468 784 1503 est
817 1468 906 1503 aut
939 1454 1180 1523 perfidiae
1190 1462 1205 1509 ‚‘
1253 1468 1342 1504 aut
1376 1455 1773 1522 negligentiae&

284 1536 417 1582 Tum
442 1552 555 1584 vero
582 1537 649 1584 ita
674 1555 784 1584 sum
810 1538 1161 1605 perturbatus,
1187 1550 1246 1585 ut
1274 1537 1444 1585 omnia
1469 1538 1720 1586 timerem:

283 1617 324 1667 si
370 1618 502 1665 nihil
553 1617 799 1677 dixissem,
852 1637 913 1667 ne
963 1619 1345 1680 infantissimus;
1396 1620 1433 1667 si
1472 1619 1632 1667 multa
1666 1618 1723 1668 in

284 1697 529 1746 eiusmodi
565 1716 709 1746 causa
744 1698 991 1756 dixissem,
1029 1716 1092 1746 ne
1127 1698 1591 1766 impudentissimus
1623 1698 1724 1748 exi-

283 1779 524 1827 stimarer.
593 1780 779 1846 Collegi
815 1798 894 1827 me
926 1778 1223 1845 aliquando,
1272 1791 1322 1828 et
1354 1780 1423 1828 ita
1457 1780 1720 1837 constitui,

285 1859 487 1908 fortiter
518 1877 616 1909 csse
649 1860 924 1927 agendum:
964 1859 1041 1907 illi
1077 1860 1252 1918 aetati,
1289 1879 1391 1927 qua
1420 1873 1528 1909 tum
1556 1879 1693 1910 eram
1707 1881 1775 1919 ,20

283 1943 440 1990 solere
474 1940 614 1989 laudi
649 1941 781 1999 dari,
831 1940 1022 1989 etiamsi
1058 1941 1113 1988 in
1159 1940 1328 1989 minus
1376 1941 1532 1990 firmis
1564 1941 1722 1990 causis

284 2022 552 2071 hominum
603 2023 837 2090 periculis
885 2015 989 2070 noi]
1038 2021 1312 2069 defuissem.
1380 2024 1558 2088 Itaque
1603 2022 1716 2070 feci:

284 2104 354 2154 sic
400 2103 646 2171 pugnavi,
696 2103 765 2151 sic
814 2103 953 2151 omni
997 2103 1193 2151 ratione
1239 2102 1504 2161 contendi,
1551 2102 1621 2152 sic
1653 2101 1720 2152 ad

284 2185 454 2234 omnia
483 2184 712 2250 confugi,
746 2197 999 2250 quantum
1025 2201 1113 2250 ego
1140 2184 1330 2250 assequi
1355 2183 1525 2251 potui,
1561 2201 1718 2232 reme-

285 2266 369 2314 dia
402 2285 460 2314 ac
492 2265 720 2333 perfugia
754 2283 1040 2322 causarum,
1091 2277 1151 2312 ut
1196 2265 1311 2323 hoc,
1365 2263 1504 2330 quod
1537 2263 1765 2318 timide25

285 2347 472 2405 dicam,
507 2358 799 2394 consecutus
833 2344 949 2402 sim,
985 2362 1048 2393 ne
1081 2346 1195 2411 quis
1230 2345 1306 2393 illi
1340 2362 1513 2394 causae
1545 2358 1715 2414 patro-

284 2447 409 2478 num
444 2426 653 2475 defuisse
699 2425 1045 2474 arbitraretur.
1111 2425 1205 2475 Sed
1239 2438 1298 2475 ut
1334 2425 1591 2494 quidquid
1622 2445 1712 2495 ego

372 2569 406 2593 2.
458 2552 757 2600 conficiebantur]
794 2553 1104 2587 constituebantur
1126 2554 1194 2587 AB
1377 2564 1409 2597 7.
1454 2558 1531 2586 tum
1553 2555 1714 2600 Αρρστ

281 2615 344 2637 om.
370 2604 400 2636 B
471 2614 578 2646 quum
600 2603 629 2635 R
653 2600 727 2634 edd.
755 2612 873 2634 omnes
897 2609 980 2634 ante
1011 2612 1030 2643 ρ
1177 2611 1226 2634 ιο.
1255 2599 1568 2646 quotienscunque
1591 2612 1712 2634 omnes

281 2650 400 2683 nostri
421 2657 566 2694 praeter·
587 2661 624 2694 p,
653 2659 675 2679 α
691 2661 701 2679 .-
727 2648 807 2680 item
931 2658 979 2680 ιι.
1007 2646 1141 2680 totiens
1285 2648 1334 2682 13.
1363 2645 1512 2688 implere
1540 2658 1605 2680 om.
1630 2649 1663 2682 A
1681 2647 1713 2681 Β

287 2696 336 2740 14.
360 2695 623 2739 imprudentiae
647 2694 777 2728 ABbc
847 2692 1073 2736 impudentia
1097 2704 1157 2737 ap
1227 2697 1291 2724 aut
1314 2703 1386 2727 non
1410 2691 1448 2724 id
1469 2692 1540 2726 AB
1657 2694 1710 2727 16.

281 2740 372 2788 sum]
404 2742 470 2774 sim
495 2741 514 2773 b
528 2749 653 2788 cqrst
667 2752 691 2773 u
788 2741 836 2773 18.
863 2738 1212 2786 imprudentissimus
1226 2738 1328 2773 ΑΒα
1397 2749 1454 2777 21.
1476 2737 1617 2774 laudari
1637 2738 1710 2774 AB

281 2800 338 2834 27.
364 2793 404 2822 ut
426 2798 495 2825 om,
518 2798 542 2820 α
590 2786 784 2832 quidquam
811 2797 858 2828 ηι
