1846 3178
341 201 428 246 150
945 193 1155 233 ORATIO

329 329 444 387 post
477 315 686 385 aliquod
721 316 915 365 dictum
950 315 1226 384 adiungere
1259 316 1322 366 de
1355 334 1571 376 veneno,
1621 313 1762 384 quod

331 417 435 449 non
471 398 888 468 percunctatione
920 397 1218 464 quaesitum,
1233 398 1319 448 sed
1353 399 1525 468 dolore
1558 415 1762 468 expres*

326 498 437 530 sum
471 479 741 529 videretur.
782 478 1021 541 Quaestio
1057 476 1119 526 de
1151 479 1291 530 furto
1325 493 1411 540 est,
1447 481 1628 530 veneni
1657 481 1759 529 iam

324 563 539 632 suspicio
561 562 817 630 superiore
843 559 1140 628 quaestione
1168 561 1391 623 sublata3
1422 561 1562 630 quod
1591 562 1759 631 ipsum

322 646 447 695 haec
478 643 652 693 eadem
687 643 874 693 mulier
907 641 1180 692 iudicarat:
1216 660 1348 711 quae
1381 656 1441 693 ut
1472 647 1657 694 Romae
1691 641 1784 697 de5

322 726 602 776 amicorum
634 727 880 775 sententia
913 737 1156 776 statuerat
1188 725 1303 774 satis
1329 741 1427 774 esse
1451 725 1752 792 quaesitum,

321 819 490 876 postea
535 824 626 877 per
673 807 957 857 triennium
999 806 1215 856 maxime
1247 823 1308 855 ex
1341 807 1577 856 omnibus
1607 805 1758 857 servis

320 891 602 938 Stratonem
649 888 798 938 illum
845 888 1118 948 dilexerat,
1172 889 1229 938 in
1263 888 1457 938 honore
1491 887 1758 949 habuerat,

227 986 299 1028 135
321 970 595 1021 commodis
639 970 876 1020 omnibus
925 973 1173 1021 affecerat.
1266 971 1444 1035 Quum
1491 969 1651 1037 igitur
1695 969 1759 1018 de

316 1053 454 1102 furto
501 1065 869 1120 quaereretur,
916 1065 967 1102 et
1013 1071 1070 1103 eo
1118 1054 1277 1110 furto,
1327 1050 1468 1119 quod
1512 1050 1602 1101 ille
1646 1051 1808 1101 einero

315 1136 655 1184 controversia
689 1136 900 1184 fecerat:
936 1148 1046 1184 tum
1081 1136 1170 1183 ille
1204 1134 1267 1182 de
1300 1151 1383 1192 eo,
1418 1132 1559 1201 quod
1603 1148 1768 1200 quae-0·

316 1215 551 1274 rebatur,
587 1217 801 1266 verbum
836 1217 1042 1265 nullum
1075 1216 1225 1264 fecit?
1256 1218 1333 1264 De
1367 1232 1560 1264 veneno
1585 1214 1756 1264 statim
1790 1218 1791 1223 ’

273 1285 278 1290 ’
314 1295 474 1346 dixit?
514 1297 576 1346 de
610 1297 780 1355 furto,
823 1298 863 1345 si
901 1314 1006 1346 non.
1040 1314 1097 1346 eo
1133 1299 1272 1355 loco,
1310 1315 1414 1363 quo
1449 1295 1653 1356 debuit,
1689 1312 1756 1345 ne

314 1379 371 1427 in
416 1392 634 1428 extrema
682 1377 892 1445 quidem
933 1390 1023 1427 aut
1056 1368 1250 1435 media,
1283 1390 1374 1426 aut
1407 1378 1579 1445 aliqua
1613 1376 1755 1426 deni-

213 1480 278 1529 56
312 1479 413 1529 que
447 1474 591 1530 parte
625 1460 934 1522 quaestionis
971 1460 1187 1509 verbum
1222 1460 1343 1508 secit
1375 1458 1580 1507 ullum?
1645 1460 1810 1507 Iam15

310 1542 515 1601 videtis,
554 1543 695 1590 illam
732 1541 978 1590 nefariam
1013 1541 1305 1599 mulierem,
1342 1538 1545 1597 iudices,
1578 1537 1754 1588 eadem

309 1641 480 1682 manu,
530 1641 652 1690 qua,
695 1623 735 1671 si
785 1622 942 1670 detur
984 1635 1208 1690 potestas,
1258 1622 1541 1670 interficere
1586 1620 1754 1669 filium

310 1707 503 1774 cupiat,
569 1704 702 1753 hanc
763 1705 934 1753 fictam
993 1705 1338 1771 quaestionem
1393 1701 1753 1771 conscripsisse.

309 1790 477 1853 Atque
514 1785 658 1834 istam
683 1786 842 1854 ipsam
876 1785 1237 1852 quaestionem,
1273 1783 1440 1844 dicite,
1473 1783 1589 1850 quis
1620 1783 1751 1833 obsi-

309 1867 490 1935 gnarit.
560 1867 732 1913 Unum
767 1866 994 1932 aliquem
1030 1865 1302 1914 nominate.
1369 1865 1637 1914 Neminem
1674 1881 1805 1913 re-ao

308 1947 529 2014 perietis,
566 1946 662 1995 nisi
699 1947 828 1995 forte
863 1946 1111 1996 eiusmodi
1143 1946 1427 2000 hominem,
1472 1962 1627 2012 quem
1659 1962 1749 2012 ego

218 2052 294 2094 ,35
309 2028 527 2096 proferri
561 2015 753 2084 malim,
789 2047 946 2095 quam
978 2029 1235 2077 neminem
1271 2027 1537 2076 nominari.
1605 2025 1749 2090 Quid
1784 2070 1788 2073 ,

309 2109 393 2167 ais,
428 2111 484 2156 T.
520 2110 672 2158 Acci?
736 2111 816 2158 Tu
852 2109 1141 2177 periculum
1176 2109 1366 2177 capitis,
1404 2120 1460 2156 tu
1495 2106 1747 2158 iudicium

308 2190 516 2249 sceleris,
554 2203 611 2240 tu
645 2191 876 2240 fortunas
910 2190 1118 2241 alterius
1151 2189 1331 2239 litteris
1366 2189 1669 2258 conscriptas
1689 2189 1746 2239 in

425 2312 457 2339 ι.
489 2296 640 2350 aliquid
669 2297 884 2349 adiungere
913 2296 1064 2336 dictum
1198 2298 1238 2346 4.
1267 2298 1486 2349 suspicione
1612 2296 1651 2337 5.
1683 2297 1745 2336 in-

417 2353 570 2391 dicarat
687 2352 747 2404 14.
779 2359 848 2390 aut
889 2351 931 2390 in
965 2351 1100 2406 aliqua
1218 2367 1277 2406 ¹9·
1312 2351 1538 2405 obsignavit

407 2463 435 2486 ι.
462 2449 612 2495 aliquod
649 2450 784 2483 dictum
817 2450 1013 2493 adiungere
1045 2451 1115 2484 ΑΒ
1216 2449 1357 2495 aliquid
1395 2448 1466 2482 adi.
1504 2449 1642 2484 dictum
1677 2451 1748 2485 110

311 2509 331 2532 2
368 2508 432 2540 per
457 2496 617 2530 dolorem
644 2497 713 2530 AB
843 2496 876 2539 4
906 2496 1063 2541 suspicio
1089 2497 1156 2530 AB
1251 2496 1457 2539 suspicione
1481 2497 1555 2531 ΗΟ
1664 2497 1744 2543 ips-²

310 2544 379 2578 AB
510 2545 542 2578 5.
573 2543 752 2576 iudicarat
777 2545 820 2576 Π
841 2550 988 2589 praeter
1011 2543 1031 2576 b
1047 2542 1212 2588 gkmw;
1229 2554 1251 2581 ς
1320 2542 1498 2576 indicarat
1517 2545 1586 2578 130
1693 2544 1743 2588 ¹4·

311 2595 374 2622 aut
399 2590 520 2635 aliqua
545 2588 615 2623 AB
687 2594 751 2622 aut
774 2590 809 2621 in
838 2591 879 2622 al.
903 2590 974 2624 ΗΟ
1116 2590 1165 2622 15.
1191 2589 1328 2621 nullum
1355 2588 1411 2633 λμ
1556 2591 1605 2625 18.
1630 2600 1744 2637 quac-

311 2637 465 2669 stionem
516 2637 628 2679 ipsam
656 2648 719 2669 om.
749 2635 809 2682 Bq
889 2634 1150 2681 19.obsignarit
1174 2637 1219 2667 Π
1239 2643 1384 2680 praeter
1396 2634 1455 2682 sq
1469 2635 1621 2678 ιν,·όέζ
1643 2636 1743 2669 obsi-

311 2682 430 2726 gnavit
453 2683 551 2727 vulg.
643 2694 696 2716 20.
722 2683 935 2717 nominatim
959 2684 1026 2716 AB
1073 2681 1235 2713 nominat,
1262 2693 1283 2713 o
1304 2689 1462 2715 ›rstuv
1597 2695 1651 2719 22.
1677 2693 1743 2717 ην

311 2727 459 2775 minem]
489 2729 673 2762 hominem
702 2741 724 2770 <z
864 2729 919 2764 23.
945 2728 1120 2762 iudicium
1150 2726 1266 2760 bede
1306 2727 1538 2772 ghimoeeg
