1846 3178
552 110 662 165 PRo
700 124 749 167 A.
779 122 1081 164 cLUENTio.
1473 145 1539 193 911,

103 250 500 325 penkhominum
533 248 838 300 idoneorum
880 247 1214 317 ignominiam
1247 265 1335 296 sua
1370 261 1545 299 aucto·

111 337 264 395 adnue
295 332 406 386 ¹illa
450 331 643 381 iudicia
694 330 1087 401 reprehendisse.
1167 329 1364 394 Quodsi
1412 329 1635 394 hancffli

102 414 246 487 apud
296 431 379 467 cos
435 414 566 483 ipsos
609 415 846 464 Censores
886 412 1016 462 mihi
1060 424 1153 462 aut
1203 411 1292 460 alii
1342 429 1545 463 causam

100 513 247 565 agere
302 495 549 547 licuisset:
602 495 900 545 hominibus
951 494 1041 544 tali
1097 492 1373 563 prudentia
1409 508 1545 545 certe

77 578 443 649 5probavissem
474 577 574 639 (res
607 579 746 627 enim
781 574 994 639 indicat)
1030 577 1177 646 nihil
1209 577 1341 645 ipsos
1383 577 1547 627 habu-

98 661 193 714 isse
224 660 445 727 cogniti,
479 659 614 708 nihil
649 658 924 727 compertit
944 675 1017 709 ‚ex
1052 638 1283 708 todista
1317 660 1542 710 subscri-

99 742 281 813 ptione
315 760 574 792 rumorem
617 741 876 809 quendam
904 754 955 790 et
970 743 1209 810 plausum
1240 744 1544 812 popularem

98 839 201 877 esse
231 826 532 894 quaesitum.
602 827 733 876 Nam
768 825 824 873 in
857 826 909 872 P.
946 824 1218 892 Popilium,
1255 826 1346 893 qui
1381 828 1544 896 Oppi-

19 966 22 968 *
97 909 307 959 aninum
339 908 723 968 condemnarat,
757 908 1051 977 subscripsit
1084 911 1136 956 L.
1173 909 1382 968 Gellius,
1401 908 1544 976 quod

51 991 142 1041 mis
171 984 444 1062 pecuniam
475 993 762 1061 accepisset,
808 1010 911 1059 quo
946 992 1273 1041 innocentem
1308 992 1545 1042 condem-

99 1085 260 1123 naret.
336 1077 445 1123 Iam
489 1073 543 1123 id
595 1075 764 1144 ipsum
809 1087 1034 1142 quantae
1080 1073 1409 1125 divinationis
1456 1089 1544 1135 est,

96 1156 239 1218 scire,
266 1155 593 1207 innocentem
616 1158 767 1208 fuisse
792 1177 951 1218 reum,
979 1177 1134 1227 quem
1169 1154 1371 1209 sortasse
1394 1180 1544 1209 num-

97 1257 255 1307 quam
289 1237 508 1298 viderat,
543 1257 708 1306 quum
743 1240 973 1290 homines
1007 1240 1375 1310 sapientissimi,
1411 1242 1544 1290 iudi-

100 1339 206 1382 ces,
248 1335 310 1372 ut
356 1322 491 1372 nihil
534 1322 700 1373 dicam
748 1323 810 1373 de
858 1324 942 1384 iis,
987 1326 1079 1392 qui
1115 1325 1541 1385 condemnarunt,

50 1414 250 1456 15causa
284 1404 512 1472 cognita,
549 1406 645 1454 sibi
681 1405 906 1456 dixerint
940 1426 1044 1456 non
1079 1406 1311 1475 liquere?

227 1487 426 1536 Verum
468 1499 598 1537 estox
649 1488 958 1538 condemnat
1011 1491 1270 1559 Popilium
1314 1491 1540 1541 Gelliust

100 1568 322 1629 iudicat,
369 1570 612 1638 accepisse
657 1589 686 1619 a
733 1573 971 1622 Cluentio
1022 1573 1309 1641 pecuniam.
1387 1575 1547 1641 'Negat

98 1651 197 1701 hoc
226 1652 486 1701 Lentulus.
522 1653 652 1702 Nam
687 1654 962 1722 Popilium,
997 1655 1138 1723 quod
1169 1669 1279 1706 erat
1312 1656 1546 1706 libertini

99 1734 262 1794 filius,
305 1734 363 1784 in
407 1748 640 1785 senatum
691 1754 797 1785 non
831 1737 980 1805 legitx
1015 1739 1187 1787 locum
1220 1739 1432 1805 quidem
1465 1742 1546 1790 Se-

45 1817 361 1867 aonatorium
407 1817 542 1868 ludis
587 1831 638 1868 et
670 1831 833 1869 cetera
870 1834 1168 1870 ornamenta
1202 1822 1470 1891 relinquit,
1494 1835 1547 1873 et

95 1916 216 1948 eum
253 1899 393 1949 omni
429 1900 709 1968 ignominia
746 1902 940 1952 liberat.
1018 1902 1174 1967 Quod
1207 1922 1373 1971 quum
1398 1905 1544 1968 ¹facit,

99 1983 321 2044 iudicat,
386 1985 495 2043 eius
545 1986 794 2035 sententia
853 1987 1005 2054 gratis
1050 2005 1148 2037 esse
1193 1988 1546 2058 Oppianicum

98 2067 512 2119 condemnatum.
565 2071 630 2119 Et
662 2070 883 2119 eundem
918 2071 1179 2140 Popilium
1214 2084 1383 2142 postea
1416 2074 1544 2122 Len-

96 2152 236 2204 tulus
271 2152 328 2202 in
363 2151 586 2217 ambitus
619 2151 810 2202 iudicio
854 2171 948 2223 pro
997 2154 1285 2205 testimonio
1331 2153 1545 2224 diligen-

203 2306 243 2331 2.
277 2293 423 2347 judicia
451 2308 544 2333 cum
573 2295 749 2348 equestri
779 2294 920 2334 ordine
948 2295 1248 2349 reprehendisse

179 2425 218 2448 ἐι.
243 2415 308 2448 illa
331 2414 468 2459 judicia
493 2415 772 2462 reprehendisee
800 2419 853 2453 Ct
874 2420 988 2460 (coni.
1016 2419 1186 2461 Ernesti)
1211 2420 1274 2453 illa
1298 2420 1435 2454 iudicia
1461 2431 1543 2454 cum

97 2462 256 2506 equestri
295 2462 424 2496 ordine
460 2463 600 2508 repreh.
626 2465 778 2510 Rvulg.
938 2467 968 2500 3.
996 2466 1073 2514 eos]
1112 2467 1254 2500 eosdem
1290 2469 1347 2501 Cr
1508 2469 1544 2512 4.

95 2506 290 2554 prudentia
315 2509 492 2555 praeditis
521 2511 577 2544 Cr
673 2513 702 2543 5.
716 2511 958 2556 probavissem
984 2513 1016 2547 Ιι.
1044 2515 1069 2551 l,
1093 2513 1227 2548 desinit
1255 2515 1284 2548 C
1412 2516 1446 2551 6.
1473 2515 1542 2549 ista

97 2563 119 2598 ρ
143 2556 206 2595 (etc
231 2557 349 2600 coni.)
374 2569 393 2590 τ
449 2559 527 2604 ipsa
555 2559 584 2593 R
613 2559 691 2592 rell.
722 2558 802 2594 cdd.
898 2563 928 2595 8.
959 2562 994 2594 P.
1019 2565 1082 2603 (cx
1120 2563 1213 2596 coni.
1238 2561 1277 2596 F.
1314 2562 1455 2606 Ursini)
1490 2573 1543 2606 ρι’

183 2603 214 2637 Β
237 2604 314 2638 rell.
341 2603 421 2638 edd.
627 2606 674 2650 14.
704 2606 759 2639 his
788 2606 982 2654 ABdshu
1175 2610 1225 2644 15.
1252 2606 1339 2665 sibi]
1366 2610 1435 2643 sibi
1463 2620 1542 2644 esse

115 2670 167 2728 dd
259 2649 432 2686 dixerunt
455 2654 502 2686 Π
689 2665 742 2688 20.
781 2654 957 2702 relinquit
983 2655 1067 2701 ξρτ
1208 2656 1358 2704 reliquit
1393 2659 1438 2692 11
1459 2657 1540 2692 rell.

95 2705 113 2727 e
165 2720 172 2728 .
