1846 3178
744 141 982 206 eameA.
1494 187 1591 237 ²09

141 293 356 349 agitatam3
375 289 555 349 'ideoque
585 288 886 344 quodammodo
915 287 1214 328 conclusionem
1243 285 1377 326 efficit.
1438 289 1591 330 Mirum

139 371 243 404 esset
269 375 399 416 neque
428 361 631 403 Ciceronis
670 364 843 402 orationi
879 362 1136 411 conveniens,
1156 361 1190 400 si
1231 360 1329 414 quid
1364 361 1427 400 vel
1469 362 1590 402 mini-

139 446 251 476 mum
278 433 527 473 auctoritatis
557 434 658 474 fietis
684 432 844 474 tabellis
872 433 1140 476 concessisset.

182 563 185 568 ,
253 521 344 570 152,
377 535 446 561 20.
476 520 685 576 [coniugii]
733 522 978 576 Suspicionis
1007 523 1120 577 signo
1147 521 1225 560 hoe
1252 532 1400 561 nomen
1431 522 1593 560 notavi-

136 607 227 636 mus
241 624 253 644 ‚
296 593 408 649 quod
444 596 487 634 in
529 594 648 649 longe
688 595 887 650 plerisque
923 595 1045 635 codd.
1090 594 1364 634 desideratur·
1414 607 1509 632 nam
1547 599 1594 632 ut

136 664 242 707 nihil
268 663 498 706 offensionis
525 666 717 716 haberet,
762 668 795 707 si
825 669 921 707 satis
958 668 1075 707 firma
1103 666 1340 706 auctoritate
1371 666 1590 716 niteretur,

137 738 196 777 ita
219 736 336 778 facile
361 739 413 779 ab
448 738 737 794 interpolatore
777 740 898 778 inseri
926 737 1058 793 potuit
1072 769 1082 787 ‚
1125 740 1195 793 qui
1239 738 1369 777 sedem
1408 737 1594 779 disertius

138 825 263 866 quam
294 825 396 866 opus
422 818 510 852 erat
540 809 794 865 explanatam
827 824 912 850 esse
941 809 1144 865 cupiebat.

255 900 355 950 133,
405 899 467 944 15.
505 898 741 954 numerium]
801 899 912 939 Nihil
953 900 1035 939 sere
1074 899 1323 939 auctoritatis
1362 912 1410 938 ex
1447 899 1595 939 nostrIs

135 970 250 1013 libris
279 979 397 1012 nacta
425 979 486 1012 est
530 972 728 1025 scriptura
766 978 948 1011 veterum
981 969 1203 1009 editionum
1236 975 1278 1008 et
1306 969 1471 1009 Gruteri
1507 984 1595 1010 mu-

137 1042 348 1095 liebribus,
373 1057 495 1097 quam
523 1042 591 1081 hie
619 1043 661 1080 in
687 1048 780 1081 octo
808 1040 1001 1081 Palatinis
1029 1039 1149 1079 codd.
1176 1054 1218 1079 se
1245 1040 1444 1079 invenisse
1472 1047 1596 1081 testa—

138 1120 232 1164 tur,
266 1128 409 1155 vereor
434 1121 594 1165 tamen,
624 1127 677 1152 ne
702 1112 824 1167 paulo
851 1112 1120 1152 indistinctius
1148 1118 1362 1155 exaratam.
1405 1112 1597 1152 Ceterum

138 1186 191 1226 ad
219 1199 380 1226 sensum
407 1199 490 1225 non
518 1192 602 1224 tam
631 1183 897 1238 improbanda
924 1182 1025 1222 mihi
1055 1182 1296 1232 videbatur,
1341 1185 1374 1222 si
1408 1183 1597 1224 Ciceroni

136 1257 194 1298 sic
221 1255 395 1298 scribere
422 1255 662 1310 placuisset:
694 1254 805 1293 haud
832 1255 986 1307 inepte,
1024 1255 1191 1307 opinor,
1223 1255 1427 1293 collocatio
1450 1255 1593 1310 filiae,

135 1330 272 1370 minus
306 1335 416 1368 recte
461 1342 547 1383 spes
588 1327 818 1366 hereditatis
844 1325 924 1365 dici
964 1327 1188 1379 potuissent
1223 1326 1332 1366 dona
1372 1326 1595 1372 muliebria.

137 1401 262 1441 Nunc
296 1407 434 1440 autem
470 1399 682 1440 lectionem
722 1398 864 1439 melius
903 1399 1183 1438 confirmatam
1220 1399 1404 1438 retineo:
1446 1398 1598 1438 donum

137 1477 179 1512 et
205 1485 341 1510 munus
372 1470 528 1524 saepius
562 1470 889 1523 coniunguntur:
920 1484 994 1523 pro
1023 1468 1150 1508 Areh.
1171 1483 1208 1508 e.
1240 1468 1284 1508 8.
1317 1467 1406 1508 18.:
1450 1471 1594 1525 poe'tae

135 1544 256 1598 quasi
281 1542 444 1582 deorum
471 1542 606 1598 aliquo
637 1541 742 1581 dono
768 1550 885 1597 atque
914 1554 1076 1581 munere
1112 1541 1377 1581 commendati
1412 1556 1494 1581 esse
1531 1544 1595 1583 υἰ-

135 1613 296 1655 dentur.

253 1684 318 1726 16.
348 1686 406 1725 ita
433 1685 543 1742 quod
567 1685 682 1741 apud
705 1689 865 1733 ceteros]
895 1683 977 1728 Cfr.
1009 1684 1061 1724 ad
1088 1699 1129 1739 p.
1159 1699 1224 1735 20,
1252 1698 1318 1725 20.

247 1773 340 1824 134,
375 1787 436 1828 17.
469 1772 656 1811 misisset:
684 1770 789 1826 zpsa]
820 1771 1038 1826 Aptissime
1067 1781 1221 1814 mutata
1253 1774 1472 1815 verborum
1504 1777 1589 1817 eol-

137 1841 336 1884 locatione
361 1844 483 1882 etiam
511 1841 808 1882 distinctionem
843 1844 1122 1883 mutavimus:
1167 1845 1224 1884 sic
1252 1844 1417 1886 demum
1444 1846 1595 1888 intelli—

138 1916 270 1970 gitur,
299 1914 399 1970 quid
426 1914 503 1955 sibi
531 1913 629 1954 velit
655 1928 879 1969 pronomen
906 1916 1011 1970 ipsa,
1041 1915 1151 1969 quod
1181 1917 1224 1956 in
1251 1919 1401 1971 protasi
1429 1918 1597 1960 moleste

138 1986 341 2026 intrusum
365 2000 450 2026 esse
479 1986 715 2026 videbatur:
765 2000 891 2040 quum
918 1993 1192 2027 accusatorem
1219 1988 1392 2029 Romam
1420 1992 1594 2032 misisset

137 2057 291 2098 nefaria
317 2058 576 2114 mulier,ipsa
600 2058 740 2098 Larini
767 2057 1004 2098 morabatur
1023 2057 1076 2098 ad
1103 2057 1261 2113 reliqua
1287 2061 1466 2102 subsidia
1491 2077 1596 2104 con-

138 2130 352 2186 quirenda-

251 2217 342 2270 135,
367 2218 408 2262 5.
436 2219 793 2268 Fabraternorum]
824 2217 997 2258 Restitui
1026 2225 1208 2259 veterum
1235 2219 1459 2262 editionum
1493 2226 1592 2266 scri-

135 2294 312 2343 pturam,
337 2290 390 2330 ad
417 2304 539 2345 quam
565 2292 747 2330 omnium
775 2290 973 2330 librorum
991 2291 1158 2345 vestigia
1177 2291 1333 2333 ducunt
1350 2293 1594 2344 Astacemo-

135 2373 224 2399 rum
254 2368 294 2400 et
328 2361 613 2402 Frater-nomm
635 2377 647 2402 z
681 2363 944 2403 Fabrateriae
972 2363 1071 2402 situs
1100 2362 1297 2404 eiusmodi
1326 2373 1400 2416 est,
1436 2374 1483 2407 ut
1507 2383 1592 2410 non

136 2433 272 2472 minus
301 2439 433 2485 reete,
474 2447 598 2487 quam
625 2433 832 2489 Aquinum
847 2464 859 2485 ‚
899 2433 942 2472 in
971 2433 1118 2487 Arpini
1161 2435 1364 2477 vicinitate
1404 2437 1595 2481 collocari

137 2503 280 2556 possit.
341 2503 389 2543 V
382 2505 663 2556 euasi-anorum
693 2504 746 2544 ad
774 2518 934 2544 sensum
968 2503 1134 2558 perinde
1163 2505 1293 2546 foret:
1333 2508 1404 2548 sed
1423 2509 1593 2568 longius

137 2573 288 2615 recedit
316 2589 340 2615 a
367 2577 566 2631 scriptura
593 2576 792 2620 codicum.
837 2577 1007 2617 Minime
1028 2577 1239 2631 probanda
1276 2587 1336 2619 est
1363 2584 1596 2627 coniectura

139 2645 307 2687 Gruteri
342 2648 674 2702 Affaternorum3
716 2650 786 2704 qui
814 2649 947 2690 sinum
983 2648 1140 2691 Salerni
1178 2651 1365 2694 accolunt
1400 2663 1440 2696 et
1476 2655 1595 2714 longe

137 2731 164 2759 a
191 2717 346 2761 Sassiae
373 2720 514 2762 itincre
540 2720 703 2764 distant.

1273 2803 1333 2864 14
