1846 3178
574 136 687 186 PRO
715 144 770 184 A.
802 144 1107 186 CLUENTlo.
1498 166 1558 218 27

116 269 350 325 Avillius,
384 280 446 319 ut
476 281 585 319 erat
617 271 979 332 constitutum,
1015 270 1221 322 simulat
1252 285 1302 318 se
1334 282 1562 338 aegrota-

116 367 185 403 re*
203 363 256 401 et
289 363 645 403 testamentum
685 354 847 404 facere
882 355 1025 404 velle.
1095 351 1410 423 Oppianicus
1433 353 1563 403 obsi-

111 438 347 502 ‘gnatores
379 432 445 483 ad
478 451 622 495 eum,
656 436 749 505 qui
785 447 952 506 neque
970 437 1215 486 Asuvium
1246 450 1414 503 neque
1428 435 1566 501 Avil-

113 515 248 565 lium
280 530 507 575 nossent,
553 516 789 578 adducit,
833 531 884 568 et
917 518 1068 568 illum
1101 514 1346 567 Asuvium
1382 517 1566 586 appel-

87 596 201 646 slat.
284 600 418 667 Ipse,
467 611 762 649 testamento
803 598 975 649 Asuvii
1025 599 1234 647 nomine
1277 599 1562 668 obsignato,

114 677 350 730 discedit:
386 679 600 730 Avillius
621 679 1108 731 illi00‘convalescit2
1152 680 1367 730 Asuvius
1390 693 1563 731 autem

114 761 258 812 brevi
295 763 384 812 illo
419 775 666 832 tempore,
701 763 846 831 quasi
876 743 939 812 in
962 762 1196 812 hortulos
1224 763 1345 823 iret,
1380 763 1436 812 in
1459 780 1567 813 are-

114 845 285 896 uarias
315 844 559 914 quasdam
591 857 732 894 extra
777 857 979 913 portam
1011 845 1332 912 Esquilinam
1379 843 1567 912 perdu-

113 939 250 987 ctus,
289 927 553 978 occiditur.
622 925 729 990 Qui
759 944 924 993 quum
946 944 1114 975 unum
1141 926 1243 976 iam
1268 939 1319 976 et
1343 927 1563 977 alterum
1593 946 1646 990 38

68 996 681 1064 todiem'dessderaretum
716 1025 879 1070 neque
903 1010 959 1057 in
986 1009 1047 1058 iis
1068 1009 1211 1070 locis,
1245 1009 1338 1058 ubi
1363 1026 1425 1058 ex
1445 1027 1564 1060 con·

113 1088 386 1142 suetudine
408 1091 773 1159 quaerebatur,
798 1092 1136 1151 inveniretur,
1171 1103 1222 1141 et
1248 1092 1566 1162 Oppianicus

115 1173 174 1222 in
219 1172 330 1222 foro
371 1173 695 1222 Larinatium
741 1173 1024 1236 dictitaret,
1071 1191 1241 1243 nuper
1281 1191 1330 1223 se
1363 1187 1415 1224 et
1455 1192 1570 1226 suos

113 1254 300 1304 amicos
334 1267 692 1306 testamentum
715 1257 822 1306 eius
846 1257 1147 1326 obsignasse:
1182 1257 1355 1308 liberti
1372 1258 1565 1319 Asuvii,

116 1349 170 1388 et
203 1339 447 1388 nonnulli
481 1340 658 1400 amici,
698 1339 839 1409 quod
872 1358 931 1390 eo
965 1340 1071 1399 die,
1115 1359 1220 1408 quo
1255 1355 1569 1411 postremum

65 1419 330 1471 15Asuvius
374 1421 508 1470 visus
550 1434 681 1480 erat,
731 1422 979 1471 Avillium
1025 1439 1145 1471 cum
1177 1439 1236 1472 eo
1270 1423 1420 1473 fuisse
1452 1436 1504 1474 et
1535 1443 1567 1475 a

115 1499 487 1552 multis'visum
519 1520 617 1552 esse
649 1503 926 1563 constabat,
964 1504 1020 1553 in
1052 1521 1174 1554 eum.
1205 1505 1478 1567 invadunt,
1515 1518 1568 1558 et

115 1583 379 1634 hominem
402 1596 521 1634 ante
542 1584 692 1654 pedes
706 1585 767 1649 Q
780 1586 977 1646 Manlii,
1003 1587 1094 1653 qui
1122 1578 1234 1636 tum
1258 1600 1366 1638 erat
1387 1590 1566 1641 trium·

113 1667 213 1727 vir,
238 1667 572 1717 constituunt.
614 1670 783 1735 Atque
805 1667 913 1716 illic
943 1669 1215 1732 continuo,
1249 1671 1395 1720 nullo
1420 1684 1567 1734 teste,

115 1750 264 1800 nullo
298 1748 490 1810 indice,
524 1751 739 1810 :pecentis
772 1751 1009 1801 maleficii
1043 1753 1350 1804 conscientia
1377 1767 1569 1823 perter-

63 1833 270 1893 20ritus‚
304 1831 500 1892 omnia,
535 1845 597 1883 ut
629 1852 658 1882 a
691 1851 772 1883 me
805 1834 980 1903 paullo
1007 1848 1125 1885 ante
1150 1836 1284 1886 dicta
1309 1849 1450 1897 sunt,
1487 1855 1569 1887 ex-

107 1915 286 1986 ponit,
322 1915 670 1985 Asuviumque
704 1935 732 1966 a
765 1933 890 1977 sese,
926 1918 1135 1986 consilio
1154 1919 1457 1990 Oppianici,
1491 1920 1569 1974 in-

231 2105 294 2147 ¹7·
319 2090 476 2132 Manilii
594 2090 653 2136 18.
681 2092 749 2133 ille
860 2107 928 2134 21.
959 2094 1011 2134 ab
1030 2108 1072 2135 se

209 2265 242 2289 ιι.
291 2263 330 2288 se
355 2253 474 2288 faeere
500 2263 524 2285 α
537 2261 555 2286 ε
694 2253 933 2301 assignatores
948 2258 979 2291 A
989 2256 1019 2291 Β
1161 2257 1192 2303 4.
1241 2262 1436 2293 noscerent
1450 2271 1474 2294 a
1484 2258 1503 2292 b
1514 2269 1571 2308 qq

116 2305 269 2335 noscent
292 2309 310 2334 ε
427 2302 460 2336 5.
486 2300 697 2347 consignato
723 2302 742 2334 b
753 2313 772 2336 c
819 2301 1007 2347 adsignato
1033 2315 1057 2338 a
1127 2306 1161 2340 6.
1187 2304 1390 2340 disceditur
1418 2305 1571 2355 Cdefg

117 2346 259 2383 Ιι-Ηηο
303 2360 324 2382 r·
337 2355 378 2382 st
390 2359 415 2383 u
510 2347 597 2381 ilico
620 2350 651 2382 A
664 2359 687 2381 α
701 2357 719 2381 ε
851 2361 880 2394 7.
909 2349 1115 2385 harenarias
1140 2353 1245 2400 ABp
1385 2356 1416 2390 8.
1433 2354 1572 2398 Exqui-

117 2392 231 2429 linam
299 2394 343 2430 ik
451 2405 503 2429 ιο.
530 2394 595 2439 iis]
628 2395 684 2428 his
708 2397 740 2430 A
753 2394 1032 2444 Bdefghrsv
1047 2409 1108 2444 ay
1123 2398 1227 2442 δεζη
1242 2401 1364 2446 κμνξ
1425 2399 1503 2448 ubi]
1531 2401 1571 2435 in

145 2441 253 2476 uibus
280 2439 639 2489 defghklmvdc
782 2456 822 2478 12
862 2444 978 2478 forum
1001 2446 1071 2480 AB
1127 2447 1339 2480 Larinatum
1365 2447 1573 2496 bcqrstu

118 2452 274 2523 dictaret
306 2489 355 2522 bc
367 2501 400 2523 m
546 2491 596 2523 13.
624 2489 802 2541 obligasse
827 2490 851 2524 h
864 2491 983 2526 imno
1107 2495 1161 2539 14,
1186 2505 1228 2528 eo
1259 2494 1331 2541 die]
1359 2494 1487 2528 eodem
1512 2495 1575 2530 die

117 2547 145 2583 p
157 2547 192 2570 w
237 2535 365 2570 eodem
379 2534 641 2583 defghilim
654 2549 709 2571 no
723 2547 826 2572 rstu
838 2550 864 2572 v
878 2548 895 2571 ε
941 2543 1123 2586 postremo
1152 2540 1230 2575 bhi
1242 2554 1308 2574 mn
1321 2553 1378 2575 ov
1430 2543 1480 2576 15.
1497 2547 1576 2577 erat

120 2582 218 2616 visus
241 2582 271 2618 B
291 2585 367 2631 (pr,
392 2588 456 2628 ηιμ
557 2595 607 2628 ¹7·
636 2584 682 2630 Q.
718 2597 784 2619 om.
812 2586 882 2620 AB
951 2587 1082 2622 Manlii
1112 2588 1161 2632 (i)
1183 2589 1362 2623 ABCim
1429 2589 1577 2625 Manilii

121 2629 153 2664 R
167 2630 197 2663 0
386 2633 437 2667 18.
486 2631 756 2667 constituerunt
799 2632 820 2666 b
837 2644 855 2666 c
996 2634 1201 2668 consistunt
1234 2634 1342 2682 clesg
1352 2635 1376 2669 h
1386 2637 1401 2671 ἱ
1412 2635 1518 2671 klno
1530 2649 1576 2672 rs

122 2683 138 2710 t
150 2687 211 2711 uv
224 2674 305 2716 δεζ
421 2677 670 2712 constituunt:
711 2679 746 2712 Ῑι.
765 2678 789 2713 l.
818 2678 944 2730 deficit
960 2681 988 2715 C
1127 2682 1205 2716 illic
1229 2682 1300 2718 ΑΒ
1413 2684 1478 2718 ine
1502 2685 1533 2719 R
1547 2685 1578 2718 Ο

127 2733 179 2768 19.
209 2722 328 2758 iudice
354 2723 474 2759 iklw
523 2726 682 2760 recentis
708 2738 779 2762 om.
808 2729 838 2762 A
979 2740 1034 2764 21·
1064 2729 1411 2766 aABabcevcce
1471 2730 1517 2767 ab
1544 2731 1576 2767 R

124 2770 225 2816 vulg.
275 2780 353 2806 sese
377 2774 408 2807 A
421 2772 451 2806 Β
497 2781 534 2806 se
547 2772 576 2807 Β
592 2774 622 2806 0
