1846 3178
670 144 908 185 cR1TicA.
1415 167 1508 216 ,79

69 269 273 314 Cannutio
296 267 515 316 dubitavit,
547 281 673 322 quum
701 267 897 322 praetoris
929 266 1045 307 fuisse
1074 272 1254 306 censeret
1283 267 1401 307 finem
1433 269 1508 309 im·

72 355 237 396 ponem«
256 354 398 382 causae
439 339 631 380 dicendae
647 369 659 388 ‚
706 339 876 393 ideoque
908 338 952 380 G.
987 337 1104 377 Iunio
1143 336 1398 377 scribendum
1425 354 1509 380 esse

66 427 146 468 pm
163 413 364 456 &annucio
386 413 607 466 suspicatus
634 419 722 463 est3
750 412 935 466 quamvis
972 411 1048 451 hac
1075 409 1304 450 difficultate
1331 423 1510 450 commo-

66 490 156 534 tus,
185 489 432 538 postremum
459 482 512 522 ad
541 482 705 522 Gruteri
734 483 973 535 scripturam
1002 481 1161 521 redeat:
1179 481 1332 536 placuit
1354 489 1508 536 repente

60 540 324 609 mmmmm
363 553 537 602 iudicem
580 553 772 592 dixerunt
817 567 856 591 se
894 552 940 591 id
978 553 1100 595 velle.
1172 551 1227 591 At
1267 554 1418 591 erravit
1445 552 1508 591 vir

66 608 268 679 egregius.
328 623 432 664 Nam
465 631 744 679 praeterquam
771 623 880 678 quod
907 623 1104 664 Asconius
1132 639 1214 663 non
1242 624 1364 673 dicit,
1389 637 1510 679 prae·

63 703 187 735 comm
218 693 321 735 illud
338 695 531 735 dix-erzmc
559 709 582 734 a
612 709 809 749 praecone
834 697 1088 749 pronuntiari
1118 697 1303 746 iussisse,
1344 710 1390 734 ex
1422 696 1507 748 ipso

63 750 152 820 cap.
183 766 250 806 30.
280 765 361 806 83:
391 779 464 805 cur·
493 779 599 816 eum,
635 780 754 821 quum
784 768 826 805 in
852 767 1057 806 consilium
1083 767 1216 815 iretur,
1254 766 1446 806 Cluentius
1472 775 1512 806 et

66 837 282 879 Cannutim
307 837 440 878 abesse
460 838 739 892 patiebantur?
765 852 836 877 cur
864 853 982 893 quam
1009 839 1050 876 in
1077 839 1281 877 consiliam
1293 839 1504 888 mittebant,

67 907 274 949 Staienum
300 907 471 948 iudicem
504 921 584 947 non
611 908 887 963 requirebant?
938 911 1031 948 satis
1059 917 1224 962 apparet
1244 937 1255 957 ‚
1301 916 1511 949 accusato-

66 993 132 1025 τω
158 979 204 1021 iu
227 978 431 1020 oon-emam
456 978 606 1017 misisse
631 977 672 1021 h.
702 992 736 1018 e.
766 978 818 1017 ad
857 978 1081 1018 ineundum
1119 977 1328 1018 consilium
1362 979 1510 1020 iudices

67 1051 271 1094 invitasse.
328 1048 435 1089 Illud
465 1055 600 1088 autem
627 1048 736 1102 quod
765 1049 1009 1089 Garatonius
1037 1063 1083 1089 ex
1121 1050 1352 1088 coniectura
1390 1050 1511 1090 scribi

65 1121 257 1172 iubebat:
281 1121 537 1175 pmnuntiari
563 1135 636 1177 P¹'.⁰
665 1121 793 1160 forma
821 1121 951 1162 activa
997 1123 1260 1177 protumciare
1275 1150 1286 1171 ‚
1326 1135 1372 1160 ex
1408 1112 1510 1162 duo-

62 1193 140 1237 bus
166 1191 363 1250 Palatinis
391 1197 430 1231 et
457 1191 592 1231 codice
621 1192 662 1231 S.
691 1193 865 1232 Victoris
906 1194 1084 1232 enotavit
1129 1195 1341 1241 Gruterus,
1390 1193 1510 1247 idque

64 1264 243 1319 recipere
298 1276 382 1303 non
420 1261 629 1302 haesitavi.
668 1285 722 1293 —
795 1264 983 1303 Ceterum
1020 1267 1122 1304 sicut
1167 1278 1284 1304 causa
1312 1263 1503 1315 utrinque

61 1341 248 1391 perorata
274 1333 470 1373 dixerunt
494 1347 518 1372 a
545 1347 741 1386 praecone
771 1335 1123 1387 pronuntiabatur,
1157 1336 1213 1374 sic
1244 1350 1362 1375 causa
1408 1350 1511 1376 non-

62 1405 165 1446 dum
194 1406 290 1445 satis
319 1406 495 1459 exposita
523 1406 697 1460 amplius
726 1420 770 1445 ex
799 1406 953 1446 consilii
983 1407 1179 1446 sententia
1206 1409 1511 1460 pronuntiatum

64 1483 138 1516 est.
169 1490 206 1516 v.
235 1475 322 1515 Cic.
355 1475 468 1515 Brut.
503 1490 540 1515 c.
574 1489 640 1515 22.

176 1546 212 1588 5.
247 1545 503 1601 quadragena
540 1547 670 1586 millia
714 1545 932 1600 nummum]
1008 1546 1232 1586 Numerum
1275 1561 1356 1586 non
1395 1548 1511 1590 aliter

65 1615 188 1658 scribi
226 1631 342 1672 posse
361 1646 372 1666 ,
418 1618 542 1672 ipsius
580 1618 638 1657 rei
680 1620 782 1657 ratio
825 1618 1049 1658 luculenter
1097 1619 1295 1658 ostendit:
1327 1634 1439 1659 error
1468 1622 1510 1661 in

65 1687 206 1729 multis
233 1688 353 1728 codd.
382 1696 423 1728 et
450 1687 708 1737 editionibus,
739 1689 858 1727 etiam
886 1690 1046 1729 Gruteri
1079 1696 1119 1728 et
1150 1689 1310 1728 Graevii
1336 1695 1511 1738 (sexcen-

63 1768 107 1800 ta
126 1760 394 1816 quadraginta
421 1761 567 1807 millia)
594 1760 687 1799 inde
727 1767 865 1799 natum
878 1792 890 1811 ,
920 1761 1031 1814 quod
1069 1761 1335 1817 quadraginta
1380 1764 1511 1803 millia

63 1829 128 1871 his
151 1832 272 1885 siguis
298 1831 566 1871 notabantur:
598 1831 788 1879 CIDXL,
821 1831 930 1869 unde
960 1830 1145 1870 effectum
1172 1839 1231 1871 est
1261 1832 1440 1875 mCXL.

178 1915 236 1956 17.
267 1901 405 1957 Aello]
459 1901 620 1942 Placuit
646 1903 787 1955 optimi
815 1902 1039 1942 Florentini
1063 1903 1276 1956 scriptura,
1307 1918 1412 1957 quae
1439 1920 1503 1945 er-

65 1987 159 2014 rore
198 1972 444 2028 Palimpsesti
490 1973 750 2012 Taurinensis
788 1959 924 2027 aperte
952 1973 1227 2014 confirmatur.
1283 1974 1391 2015 Haec
1418 1991 1511 2017 rara

63 2044 278 2100 appellatio
306 2049 371 2096 (v.
399 2059 436 2085 c.
467 2046 532 2097 24.
562 2043 630 2096 64.
657 2052 697 2084 et
728 2044 795 2085 26.
828 2046 916 2099 72.)
947 2052 1053 2085 certe
1083 2060 1167 2086 non
1195 2061 1219 2086 a
1247 2046 1421 2088 librariis
1450 2063 1510 2089 ex·

64 2119 239 2172 cogitata
269 2124 341 2160 est.

177 2190 256 2241 53,
309 2204 368 2230 ιο.
407 2191 708 2245 exspectabant:
753 2190 810 2230 sic
848 2204 985 2230 sensus
1024 2190 1144 2230 etiam
1183 2193 1267 2231 sine
1306 2191 1419 2233 libris
1444 2207 1510 2233 re-

63 2261 184 2302 scribi
224 2262 388 2302 iubebat
422 2275 496 2315 pro
538 2260 700 2315 vulgato
744 2262 993 2316 spectabant:
1034 2266 1129 2303 nam
1160 2263 1392 2304 nullaedum
1417 2279 1510 2306 sen-

61 2334 214 2375 tentiae
241 2334 371 2374 dictae
398 2341 540 2385 erant,
570 2348 669 2388 quas
695 2343 912 2388 spectarent
936 2338 1057 2375 ceteri
1086 2336 1249 2378 iudices.

174 2403 229 2457 54
244 2433 257 2456 ,
309 2418 344 2443 1.
385 2405 517 2443 severi
564 2404 739 2443 homines
758 2434 770 2456 ,
818 2407 888 2461 qui
915 2407 988 2446 hoc
1016 2409 1247 2460 statuerunt]
1277 2408 1369 2464 qui,
1400 2407 1510 2463 quod

65 2474 198 2516 Orell-
235 2490 281 2516 ex
317 2474 397 2530 pal.
436 2476 560 2516 Taur.
587 2475 786 2524 restituit,
825 2478 944 2516 etiam
973 2479 1014 2517 in
1053 2480 1214 2532 optimis
1242 2482 1386 2520 nostris
1412 2495 1510 2520 con-

62 2547 248 2602 spicitur.
304 2547 470 2600 Optime
509 2545 613 2585 vidit
639 2545 842 2598 Orellius,
880 2550 1064 2587 restituto
1092 2552 1351 2602 pronomine,
1382 2553 1424 2591 in
1448 2565 1510 2592 se-

62 2617 280 2671 quentibus
315 2618 403 2668 etsi,
437 2617 546 2671 quod
592 2617 714 2672 vulgo
743 2617 987 2658 disiunctum
1014 2620 1291 2673 scribebatur,
1320 2637 1402 2662 uno
1427 2637 1509 2662 vo·-

51 2687 210 2750 cabulo
239 2687 562 2730 concludendum
589 2703 698 2730 esse:
744 2703 825 2743 quo
867 2691 972 2730 facto
1012 2692 1158 2731 mirum
1187 2701 1384 2746 quantum
1409 2694 1509 2735 haec
