1846 3178
591 146 704 188 PRO
733 145 789 186 A.
819 143 1120 187 CLUENTIO.
1489 152 1577 199 123

149 285 303 334 m,
335 274 515 322 ‘tamen
547 287 604 320 ea
637 287 737 330 res,
772 282 982 340 propter
1013 269 1300 319 multorum
1333 267 1580 320 eiusmodi

148 353 337 414 antimi,
360 354 584 404 minime
618 353 817 402 firmam
846 353 1027 403 veneni
1059 351 1397 421 suspicionem
1428 351 1581 400 habe-

150 436 258 490 τεὴ
303 436 355 497 Si
390 449 512 486 esset
542 436 900 506 suspiciosum,
952 449 1122 485 tamen
1157 434 1222 484 ad
1255 434 1378 484 alios
1410 434 1581 502 potius

144 517 302 590 §fuam
335 518 402 569 ad
434 520 681 569 Habitum
715 519 1001 588 pertineret.
1068 520 1266 568 Verum
1298 517 1355 566 in
1388 533 1448 566 eo
1471 517 1579 586 ipso

120 591 375 662 §homines
418 601 850 672 impudentissime
893 601 1232 651 mentiuntur.
1314 599 1376 648 Id
1409 612 1470 649 ut
1502 600 1581 649 in-

145 683 412 751 ⁴telligatisss
468 697 519 733 et
567 696 783 733 mortem
826 684 962 743 eius,
1020 697 1098 743 et,
1147 682 1580 750 quemadmodum

141 763 257 835 post
287 779 504 818 mortem
538 768 593 816 in
626 766 873 815 Habitum
893 765 959 815 sit
978 765 1174 815 crimen
1194 783 1221 814 a
1244 778 1406 815 matre
1427 782 1580 832 quae-.-

143 849 324 910 situm,
357 850 649 919 cognoscite.

276 931 456 995 Quum
487 947 638 998 vagus
670 941 721 979 et
752 930 889 979 exsul
923 940 1126 988 erraret,
1161 944 1315 999 atque
1347 929 1663 999 undique175

93 1013 374 1071 xoexclusus
405 1012 733 1082 Oppianicus,
758 1013 814 1061 in
846 1013 1124 1062 Falernum
1159 1030 1210 1062 se
1242 1013 1308 1063 ad
1343 1015 1396 1063 C.
1419 1013 1585 1076 Quin-

145 1094 348 1157 ctilium
368 1094 683 1157 contulisset:
702 1094 774 1142 ibi
795 1095 1022 1163 primum
1044 1095 1098 1143 in
1116 1097 1357 1146 morbum
1383 1094 1580 1154 incidit,

120 1208 125 1213 -
145 1195 207 1238 ac
223 1177 341 1228 satis
362 1168 687 1227 vehementer
707 1176 901 1245 diuque
925 1179 1214 1245 aegrotavit.
1252 1179 1432 1242 Quum
1461 1190 1582 1227 esset

139 1277 246 1318 una
267 1255 423 1310 Sassia
451 1278 611 1330 eaque
630 1261 733 1319 Sex.
750 1261 888 1311 Attio
914 1261 1141 1328 quodam
1168 1260 1584 1320 colono,bomine

139 1344 360 1404 valenti,
423 1345 516 1412 qui
561 1345 712 1394 simul
746 1362 844 1394 esse
877 1346 1090 1405 solebat,
1125 1344 1430 1394 familiarius
1463 1356 1583 1393 ute-

94 1435 300 1492 i5retur,
333 1446 490 1497 quam
521 1428 600 1477 vir
631 1427 1050 1487 dissolutissimus,
1077 1426 1324 1477 incolumi
1358 1425 1582 1491 fortuna,-

140 1512 250 1581 pati
284 1524 470 1582 posset,
502 1524 554 1562 et
586 1512 664 1561 ius
697 1511 831 1560 illud
865 1511 1180 1560 matrimonii
1215 1523 1409 1561 castum
1426 1524 1581 1579 atque

140 1588 427 1660 legitimum
459 1592 786 1643 damnatione
806 1593 903 1642 viri
933 1593 1194 1641 sublatum
1217 1592 1579 1642 arbitraretur:

121 1674 448 1748 ‘Nicostratus
499 1675 715 1744 quidam
737 1714 751 1735 ‚
806 1675 968 1724 fidelis
1010 1675 1287 1745 Oppianici
1338 1677 1582 1735 servulus,

137 1757 459 1825 percuriosus
490 1771 542 1808 et
574 1758 786 1807 minime
819 1757 1050 1817 mendax,
1079 1758 1243 1808 multa
1278 1756 1472 1807 dicitur
1493 1757 1584 1807 clo-

84 1838 283 1899 aomino
316 1840 615 1890 renuntiare
664 1842 839 1890 solitus
884 1858 996 1889 esse.
1089 1844 1289 1891 Interea
1333 1840 1583 1909 Oppiani-

76 1983 92 1990 !
138 1938 226 1983 cus
265 1938 431 1989 quum
479 1922 582 1971 iam
645 1923 1033 1982 convalesceret,
1083 1940 1249 1991 neque
1284 1923 1583 1993 improbita-

141 2015 243 2064 tem
290 2005 459 2055 coloni
507 2005 563 2053 in
606 2005 822 2054 Falerno
869 2003 1064 2053 diutius
1110 2001 1242 2054 ferre
1292 2019 1454 2074 posset
1475 2043 1491 2062 ‚
1533 2019 1585 2056 et

251 2138 288 2164 1.
324 2098 520 2165 eiusmodi
555 2132 724 2164 mortem
762 2126 855 2164 satis
900 2125 1055 2164 firmam
1221 2140 1261 2164 2.
1294 2140 1376 2165 non
1415 2126 1584 2166 haberet

253 2181 315 2223 ιδ.
346 2188 386 2220 et
426 2181 553 2219 Statio
582 2180 704 2219 Albio
767 2181 828 2231 14.
843 2180 1000 2220 valente
1066 2195 1130 2222 20.
1157 2184 1388 2222 renuntiare
1416 2182 1582 2222 domino

249 2249 315 2289 22.
344 2237 387 2276 in
415 2236 591 2278 Falerno
617 2236 915 2290 improbitatem
943 2236 1078 2276 coloni

229 2342 261 2366 ιι.
288 2341 408 2364 casum
445 2331 595 2363 minime
628 2330 734 2365 ABb
767 2336 903 2374 (corr-2)
975 2338 1127 2366 mortem
1153 2332 1237 2366 satis
1262 2334 1337 2368 ΒΟ
1467 2334 1585 2378 suspi-

137 2378 277 2417 cionem
305 2377 458 2412 haberet
482 2378 689 2411 ABnouv
748 2389 844 2423 susp,
867 2389 941 2412 non
965 2379 1053 2414 hab.
1077 2381 1151 2415 Ro
1292 2381 1322 2414 3.
1350 2378 1447 2428 si]q
1453 2380 1524 2413 uod
1553 2381 1584 2412 si

136 2425 207 2464 AB
251 2425 374 2470 potius
399 2424 444 2458 ad
473 2424 564 2458 alios
589 2426 662 2459 AB
757 2427 787 2459 5.
813 2425 1120 2472 impudentissimi
1144 2428 1220 2462 Bm
1322 2439 1372 2464 10
1398 2391 1447 2460 Lq
1464 2427 1584 2472 Quin-

137 2470 248 2504 ctium
274 2472 344 2508 AB
361 2471 437 2506 cod
461 2471 583 2505 Lamb.
686 2485 734 2508 ια.
762 2472 915 2521 diuque]
944 2473 1103 2519 deniquo
1128 2486 1151 2506 α
1253 2477 1301 2509 ι3.
1331 2485 1446 2521 eaque
1471 2477 1503 2509 A
1519 2475 1584 2508 Bb

137 2519 270 2563 (corr.)
327 2524 363 2553 et
387 2519 459 2554 130
517 2520 597 2552 Sex.
617 2519 758 2565 (Sexto)
797 2520 902 2554 ΑΒΖ)
924 2524 1058 2563 (cort)
1119 2522 1236 2556 Statio
1270 2522 1343 2557 ΒΟ
1412 2522 1511 2556 Attio
1537 2524 1584 2562 fis.

137 2564 246 2598 Antio
272 2578 299 2600 s.
324 2565 461 2605 Abbio)
486 2566 585 2601 ΑΒΖ)
609 2569 742 2608 (corr.)
771 2565 860 2612 hpr
879 2576 953 2601 stu
1001 2569 1108 2602 Albio
1134 2569 1208 2603 Ro
1285 2569 1335 2613 14.
1351 2568 1488 2603 valenti
1509 2570 1585 2603 AB

136 2611 280 2649 valente
304 2614 374 2649 Ro
493 2617 543 2650 16,
570 2624 650 2656 poss
636 2614 683 2647 sit
713 2615 732 2653 ξ
856 2615 904 2649 18.
933 2615 1091 2648 servolus
1116 2615 1215 2649 ABb
1264 2627 1383 2650 servus
1409 2630 1432 2664 q
1533 2628 1583 2660 19

137 2657 285 2699 domino
313 2661 519 2694 remanare
536 2661 601 2694 AB
649 2672 722 2694 ren.
738 2660 834 2697 dom
858 2663 932 2696 Ro
1001 2674 1055 2695 22.
1078 2662 1230 2706 improb.
1260 2662 1325 2695 col.
1353 2665 1390 2698 in
1418 2664 1493 2697 Fal.
1515 2666 1586 2700 AB

135 2706 175 2741 iu
199 2705 274 2747 Fal.
306 2706 406 2753 impr.
435 2709 502 2742 col.
531 2708 599 2742 Ro
645 2709 803 2754 perferte
830 2708 1420 2758 ῠεᾰΘῙΕΙῐίιηηονειιιυγδζ
