1846 3178
680 114 927 156 :cm-Tim.
1440 115 1530 169 ,35

97 245 175 285 isto
201 243 348 285 iudicio
385 240 580 297 quaedam
617 240 748 294 legum
775 237 1040 294 negligentia:
1062 236 1220 276 idcirco
1248 243 1334 276 tum
1361 237 1439 276 fuit
1469 237 1531 277 in-

99 315 224 355 festus
243 313 419 370 populus
443 313 643 351 Romanus
673 311 790 351 lunio
805 340 817 360 ‚
845 309 955 364 quod
986 308 1155 363 suspicio
1199 307 1399 358 manebat,
1440 323 1533 348 cor·-

98 393 269 440 r'uptum
302 382 708 436 eum'Oppiauicum
751 380 996 419 damnassem
1066 378 1171 418 Huic
1207 377 1391 430 deinceps
1420 377 1533 417 obie-

98 458 220 498 ctioui
258 457 401 496 Cicero
444 457 642 504 occurrit,
681 453 917 493 tribuniciae
953 451 1118 491 actionis
1146 448 1314 490 stimulis
1339 447 1535 502 populum

99 530 342 569 concitatum
372 527 490 566 fuisse
514 525 737 565 ostendens.
759 546 813 553 -—-
853 522 1039 562 Ceterum
1068 520 1169 560 nihil
1193 521 1380 575 pronius,
1410 533 1535 573 quam

99 611 217 654 quem
255 611 301 638 ex
343 597 508 652 egregiis
546 595 658 635 libris
698 595 939 634 correximus
954 623 966 640 ‚
995 606 1133 631 error:
1171 606 1264 630 nam
1301 591 1469 631 Praetor
1494 598 1534 631 et

91 671 261 727 populus
287 671 482 710 Romanus
509 667 625 709 simili
653 666 890 721 compendio
915 667 957 705 in
984 663 1100 703 MSS.
1129 671 1334 704 notantur.

209 773 259 830 67
277 803 290 826 ‚
321 788 362 814 α.
411 773 464 813 Ρ.
509 773 710 829 Popilius,-
741 772 808 811 hic
835 770 970 810 nullus
1006 769 1109 810 alius
1142 784 1223 809 esse
1254 776 1394 823 potest,
1413 783 1537 823 quam

99 839 221 901 quem
239 845 362 900 legea
385 845 431 889 C.
454 844 636 884 Graccho
658 845 698 883 in
715 843 873 883 exilium
893 842 1097 896 expulsum
1111 842 1156 881 L.
1175 842 1307 881 Bestia
1329 842 1543 895 rogatione

102 932 175 958 sua
204 907 391 958 restituit.
450 917 563 958 Brut.
592 931 627 958 c.
659 914 726 955 25.
755 914 823 969 95.
853 921 892 953 et
932 929 969 952 c.
1002 911 1066 964 54.
1101 912 1190 952 128.
1250 914 1385 965 Quare
1416 914 1539 952 etiam

100 989 238 1030 invitis
277 988 391 1029 libris
421 988 472 1029 P.
505 1001 748 1042 praenomen
775 986 1028 1025 retinendum
1062 991 1172 1034 erat,
1203 983 1313 1039 quod
1340 985 1541 1024 Graevius

53 1050 56 1053 .
99 1063 253 1115 primus
279 1062 467 1101 restituit.

211 1181 252 1221 7.
279 1165 384 1205 illud
405 1165 593 1206 iudicium
634 1166 773 1206 iudicii
809 1163 959 1219 simile]
1018 1163 1213 1203 Graevius
1243 1168 1334 1216 post
1360 1175 1402 1200 v.
1433 1160 1541 1199 iudi-

101 1239 205 1278 cium
233 1236 438 1291 distinxit:
469 1237 618 1276 scilicet
645 1251 696 1276 ne
723 1237 827 1275 idem
857 1236 917 1275 bis
945 1236 1091 1276 d‘ceret
1112 1242 1270 1274 orator:
1299 1247 1376 1272 non
1387 1233 1541 1285 fuit—-

105 1309 260 1357 simile,
292 1323 369 1348 non
381 1309 498 1361 suit.-
531 1308 631 1348 nibil
664 1309 859 1347 infelicius
887 1308 971 1347 ficri
999 1308 1158 1361 potuit3
1188 1320 1282 1345 nam
1310 1304 1408 1344 haec
1435 1317 1541 1357 repe·

101 1381 190 1422 titio
207 1381 412 1420 Ciceronis
442 1381 589 1420 rationi
617 1380 680 1420 vel
699 1381 867 1419 maxime
898 1377 1197 1418 accommodata
1222 1384 1295 1427 est3
1314 1374 1381 1415 ille
1408 1382 1542 1415 autem

103 1451 185 1492 duo
231 1451 410 1491 membra
444 1450 590 1500 efficit,
640 1464 813 1504 quorum
852 1449 1023 1489 alterum
1054 1447 1213 1501 (iudicii
1240 1443 1386 1502 simile)
1415 1445 1542 1499 priori

103 1524 329 1564 subiectum
356 1522 557 1581 (nonfuit
582 1521 792 1576 iudicium)
821 1521 922 1560 nihil
951 1520 1069 1568 dicit,
1099 1533 1181 1572 quo
1228 1518 1284 1558 vis
1323 1517 1542 1556 sententiae

103 1604 311 1651 augeatur.

134 1702 142 1706 ·’
214 1705 280 1731 20.
312 1691 375 1731 At
400 1690 507 1730 enim
532 1686 666 1743 etiam]
695 1688 828 1735 enim,
857 1685 966 1741 quod
994 1700 1040 1726 ex
1065 1684 1182 1725 bonis
1222 1682 1334 1723 libris
1373 1683 1539 1731 inserui,

102 1778 185 1804 non
214 1771 273 1804 est
299 1763 451 1804 librarii
475 1763 710 1802 inventum:
743 1759 960 1814 elegantius
988 1759 1095 1798 enim
1122 1757 1293 1797 obiectio
1338 1755 1546 1795 inducitur

101 1837 308 1891 particulis
346 1846 390 1877 at
423 1837 554 1886 enim,
592 1848 696 1889 quae
734 1832 883 1888 graecis
921 1826 1026 1871 ἀλλὰ
1057 1826 1137 1882 γὰρ
1168 1827 1436 1883 respondent:
1468 1826 1543 1866 cfr.

101 1923 177 1962 pro
219 1909 327 1947 Mur.
370 1921 408 1947 c.
463 1922 523 1963 ¹7·
556 1906 630 1947 35:
669 1905 727 1946 At
762 1906 865 1944 enim
905 1905 948 1943 in
987 1909 1200 1958 praeturae
1220 1900 1407 1955 petitione
1427 1900 1546 1954 prior

89 1969 342 2021 'renundatus
367 1987 424 2019 est
451 1978 625 2019 Sem-ius.

211 2086 266 2128 68
287 2116 300 2138 ,
341 2086 410 2127 25.
448 2083 798 2142 reprehendissent]
868 2083 960 2124 Non
992 2090 1052 2123 est
1090 2080 1310 2122 audiendus
1338 2081 1544 2121 Oxonien-

102 2159 208 2198 sium
246 2172 375 2207 unus,
423 2159 494 2211 qui
536 2156 580 2196 h.
622 2157 650 2197 l.
679 2155 1019 2212 deprehendissent
1043 2153 1232 2209 praebet:
1261 2153 1544 2208 reprehendere

105 2231 162 2270 sic
198 2237 245 2270 ut
285 2229 477 2284 significet
512 2228 794 2284 deprehensum
837 2241 1022 2267 accusare
1064 2225 1175 2266 haud
1219 2226 1448 2280 infrequens
1487 2229 1546 2263 est

102 2301 212 2357 apud
243 2301 499 2341 Ciceronem:
539 2314 582 2340 v.
626 2300 747 2339 Verr.
776 2300 860 2349 111,
901 2299 970 2353 96.
1000 2297 1102 2350 224:
1142 2297 1308 2354 aliquod
1330 2310 1449 2350 genus
1470 2309 1544 2350 pe-

102 2375 239 2415 ωηίαε
265 2374 459 2428 cogendae
486 2373 595 2413 nullo
624 2372 740 2412 modo
767 2372 973 2412 senatoriis
991 2370 1150 2411 iudiciis
1172 2368 1407 2426 reprehendi
1413 2366 1544 2423 posse.
1577 2386 1584 2397 x

100 2415 302 2501 §.Plana
333 2444 401 2487 55.
427 2444 498 2486 86.

213 2537 291 2592 69,
324 2552 387 2579 12.
420 2537 493 2582 HS
515 2537 625 2594 loc]
655 2538 763 2580 Nihil
783 2539 824 2578 in
846 2538 923 2578 hoc
940 2550 1111 2577 numero
1128 2534 1385 2587 mutandum,
1402 2545 1546 2588 quam-

103 2609 166 2650 vis
200 2609 299 2651 boni
338 2610 459 2652 codd.
505 2611 770 2652 dissentiant:
811 2625 906 2650 nam
943 2610 1050 2650 idem
1079 2622 1270 2649 numerus
1296 2606 1417 2662 plene
1444 2607 1544 2648 scri-

103 2688 198 2737 ptus
223 2689 264 2723 et
290 2681 376 2724 sine
403 2682 487 2726 ulla
511 2684 703 2725 varietate
730 2689 896 2739 apparet
922 2696 956 2725 c.
986 2681 1053 2722 25.
1084 2679 1154 2722 68.
