1846 3178
212 1334 276 1382 42

312 160 374 208 80
916 155 1127 197 ORATIO

313 277 489 337 multi,
534 278 718 346 quibus
755 277 1002 328 damnatis
1027 279 1088 328 de
1110 280 1336 349 pecuniis
1363 279 1656 350 repetundis
1676 280 1737 338 lia
1771 311 1774 314 ·

314 371 384 408 tes
422 360 685 409 maiestatis
734 373 889 408 essent
936 362 1240 410 aestimatae:
1277 374 1327 411 et
1365 362 1461 411 hoc
1507 361 1736 429 quotidie

313 441 422 489 fieri
445 441 686 498 videmus,
734 453 813 498 ut,
859 458 943 489 reo
978 441 1213 491 damnato
1244 441 1306 490 de
1340 444 1567 510 pecuniis
1599 460 1738 512 repe-

312 521 498 577 tundis,
518 521 582 568 ad
605 539 730 587 quos
760 521 1036 589 pervenisse
1059 522 1295 589 pecunias
1324 523 1377 570 in
1401 523 1576 572 litibus
1595 522 1738 572 aesti-

310 601 506 652 mandis
547 613 792 650 statutum
829 601 922 661 sit,
972 601 1167 650 eosdem
1217 599 1405 651 iudices
1447 603 1704 652 absolvant
1723 615 1762 658 :5

310 683 450 750 qnod
491 701 654 749 quum
703 683 786 741 fit,
835 701 941 732 non
986 681 1173 731 iudicia
1220 683 1599 743 rescinduntur,
1651 683 1738 732 sed

309 765 409 813 hoc
441 764 704 822 statuitur,
753 763 1146 812 aestimationem
1191 764 1362 813 litium
1395 781 1500 813 non
1531 782 1629 814 esse
1661 766 1739 814 iu*-

313 845 520 894 dicium.
585 846 811 894 Scaevola
856 844 1217 894 condemnatus
1257 858 1327 893 est
1371 845 1481 893 aliis
1513 838 1738 896 crimini&

310 929 426 987 bus,
460 925 870 994 frequentissimis
903 924 1116 992 Apuliae
1151 925 1367 974 testibus.
1435 925 1589 974 Omni
1621 944 1737 975 con-

310 1010 537 1059 tentione
571 1019 851 1075 pugnatum
884 1018 981 1064 est,
1031 1005 1108 1054 uti
1135 1005 1195 1054 lis
1229 1005 1350 1054 haec
1382 1007 1559 1075 capitis
1598 1006 1789 1060 aesti-no

311 1103 548 1140 max-etur.
615 1089 758 1151 Quae
804 1105 878 1136 res
919 1088 959 1135 si
1008 1087 1080 1134 rei
1128 1086 1376 1136 iudicatae
1420 1087 1618 1155 pondus
1651 1078 1738 1139 ha-

311 1171 533 1220 buissett
568 1170 653 1218 ille
686 1182 851 1237 postea
886 1169 962 1217 vel
1000 1167 1197 1226 iisdem,
1244 1170 1320 1217 vel
1363 1169 1473 1218 aliis
1506 1166 1736 1229 inimicis,

309 1269 425 1301 reus
457 1252 552 1300 hac
585 1251 690 1316 lege
726 1250 831 1316 ipsa
866 1248 1025 1296 factus
1058 1261 1188 1296 esset.

440 1331 680 1398 Sequitur
725 1329 806 1386 id,
856 1328 995 1395 quod
1046 1329 1122 1376 illi
1167 1327 1415 1377 iudicium
1460 1332 1736 1399 appellant,

223 1434 295 1475 ¹¹7
313 1413 523 1464 maiores
570 1422 740 1459 autem
781 1410 938 1457 'nostri
983 1427 1265 1475 numquam
1291 1427 1464 1476 neque>
1490 1411 1791 1475 iudicium15

313 1494 669 1547 nominarunt,
718 1507 883 1557 neque
925 1488 1153 1557 proinde,
1198 1502 1258 1538 ut
1301 1507 1407 1539 rem
1451 1491 1738 1552 iudicatam,

312 1576 653 1632 observarunt,
689 1570 1167 1620 animadversionem
1199 1583 1351 1636 atque
1387 1573 1739 1631 auctoritatem

313 1655 611 1707 Censoriam.
644 1696 655 1705 ,
679 1653 794 1716 Qua
836 1650 897 1700 de
941 1667 995 1698 re
1027 1663 1298 1717 antequam
1332 1651 1499 1701 dicere
1531 1653 1735 1723 incipio,

270 1724 276 1727 ³
313 1753 566 1808 perpauca
599 1734 726 1783 mihi
761 1733 823 1781 de
855 1749 964 1780 meo
989 1732 1148 1781 officio
1168 1733 1317 1781 verba
1339 1733 1735 1786 faciendasunt:

313 1831 375 1870 ut
404 1837 433 1868 a
465 1833 544 1867 me
585 1833 747 1884 quum
777 1813 986 1863 huiusce
1027 1813 1263 1882 periculi,
1313 1825 1422 1865 tum
1456 1827 1794 1870 ceterorumno

424 1979 462 2006 2.
498 1978 578 2004 om.
613 1961 826 2002 maiestatis
991 1959 1028 2000 5.
1053 1973 1118 1998 eos
1150 1959 1209 1999 illi
1235 1959 1386 2001 iudices
1526 1976 1588 2002 10.
1619 1970 1663 2003 ut
1687 1963 1735 2004 lis

428 2018 487 2062 16.
522 2017 687 2072 perinde
770 2030 831 2070 17.
858 2014 1171 2055 observaverunt

406 2174 439 2196 2.
462 2160 660 2194 maiestatis
683 2156 766 2193 add.
792 2169 835 2190 ex
858 2158 888 2190 A
901 2156 930 2191 Β
1039 2156 1071 2189 5.
1101 2155 1245 2189 eosdem
1268 2156 1343 2191 iud.
1378 2159 1448 2192 AB
1471 2169 1532 2192 eos
1569 2159 1625 2193 illi
1655 2160 1732 2196 iud.

313 2209 383 2245 Ro
474 2210 507 2242 6.
533 2208 593 2240 fiat
617 2201 1211 2251 bcdefglziklmorstuvdsc
1310 2216 1342 2247 7.
1367 2202 1435 2237 hoc
1458 2217 1525 2240 om.
1550 2207 1581 2240 B
1674 2208 1732 2240 iu-

315 2255 448 2288 dicium
475 2266 543 2289 om.
573 2253 641 2286 AB
771 2261 818 2283 ιο.
848 2250 900 2282 uti
924 2251 955 2282 A
967 2249 1024 2286 Βξ
1116 2253 1156 2281 ut
1179 2250 1209 2283 R
1233 2250 1333 2294 vulg.
1464 2260 1511 2286 ‘2-
1536 2253 1648 2287 isdem
1674 2265 1732 2299 ap

314 2303 364 2345 14,
391 2301 429 2333 id
443 2326 452 2339 ‚
488 2300 583 2346 quod
626 2297 718 2330 illud
743 2309 834 2343 apq
848 2308 890 2329 rs
902 2304 948 2328 tu
962 2307 988 2328 υ
1006 2307 1039 2328 w
1153 2296 1205 2342 id}
1230 2296 1321 2329 illud
1347 2296 1402 2335 ηξ
1506 2301 1554 2333 16.
1578 2300 1731 2344 proinde

312 2345 583 2392 ABanghi
621 2343 1048 2390 lnopqrscuvwxcc}
1138 2342 1289 2386 proinde
1313 2343 1343 2376 R
1373 2343 1473 2387 vulg.
1587 2357 1636 2390 ¹7·
1662 2346 1728 2379 ob-

312 2399 499 2427 servarunt
522 2394 553 2426 A
563 2393 592 2425 Β
604 2390 656 2424 ah
671 2391 754 2436 inp
765 2402 787 2436 q
799 2401 819 2422 r·
832 2401 848 2420 s
858 2397 903 2421 tv
913 2400 935 2420 a
947 2387 994 2420 δε
1007 2389 1052 2426 ζξ
1143 2388 1417 2422 observaverunt
1438 2390 1469 2422 R
1493 2391 1595 2435 vulg.
1653 2395 1733 2426 ani-

311 2439 594 2473 madversionem
627 2442 736 2481 atque
771 2435 1019 2468 auctoritatem
1056 2433 1259 2468 Censori-‘am
1281 2437 1327 2467 II
1344 2437 1457 2476 (nam
1489 2434 1590 2470 haud
1625 2436 1732 2472 dubie

313 2488 456 2520 Oxonn.
476 2496 626 2532 quorum
647 2481 718 2515 duo
743 2489 880 2514 tantum
901 2492 967 2526 pro
987 2489 1106 2513 vetere
1129 2481 1311 2526 scriptura
1330 2481 1511 2522 citantur,
1543 2484 1733 2529 negligen-

311 2541 367 2565 ter
383 2531 418 2567 Ῐι.
437 2532 464 2567 l.
485 2539 525 2564 ut
544 2540 647 2576 saepe
665 2528 849 2561 observati
869 2524 969 2567 su‘nt)
982 2541 993 2559 .·
1024 2539 1047 2559 a
1058 2530 1109 2571 βγ
1122 2526 1167 2559 δε
1179 2527 1196 2564 ζ
1207 2541 1225 2568 η
1240 2530 1289 2559 θι
1301 2537 1323 2559 κ
1334 2539 1365 2571 μ
1379 2537 1398 2559 ο
1411 2537 1467 2560 nt
1569 2531 1732 2564 animad-

310 2580 426 2611 versio
446 2582 555 2623 atque
574 2575 766 2609 auctoritas
799 2573 971 2606 censoria
1016 2574 1117 2610 Man.
1147 2573 1240 2616 1540.
1267 2573 1346 2611 λνξ
1358 2583 1378 2619 ρ
1390 2581 1413 2605 σ
1549 2577 1597 2609 18,
1626 2583 1732 2610 ame-

311 2635 417 2668 quam
445 2635 513 2658 om.
534 2635 582 2657 ae
593 2629 673 2670 pqt
684 2632 707 2654 α
844 2620 1052 2664 priusquam
1065 2621 1091 2665 ’ξ
1102 2631 1125 2658 ς
1263 2619 1381 2652 dicere
1409 2632 1475 2653 om.
1524 2634 1546 2655 a
1559 2634 1583 2667 p
1596 2634 1619 2669 q
1632 2630 1731 2656 rstu

311 2670 390 2704 Pal.
418 2682 449 2703 2.
475 2681 497 2700 α
513 2680 639 2714 νοπρ
656 2675 679 2699 σ
783 2666 826 2698 de
858 2677 893 2698 re
922 2677 942 2698 ο
1049 2664 1198 2711 incipio]
1227 2665 1331 2698 initio
1360 2676 1384 2698 α
1478 2679 1524 2711 ¹9·
1563 2668 1731 2702 faciunda

311 2717 513 2761 ΑΒοπρσ
629 2726 683 2749 20.
708 2711 832 2759 quum]
869 2717 944 2745 tum
972 2720 994 2745 σ
1093 2711 1253 2756 periculo
1285 2713 1354 2746 AB
1470 2717 1545 2747 tum
1569 2725 1634 2749 om.
1661 2715 1732 2749 AB
