1846 3178
652 208 663 242 Ι,
713 169 953 210 cameli.
1453 191 1469 222 ¹
1482 171 1544 239 59

106 297 247 340 eadem
289 296 424 346 caede,
471 293 582 349 quod
621 296 858 349 conceptum
902 299 1002 339 erat,
1044 291 1311 331 interimeret:
1368 291 1546 332 mulieris

106 371 215 411 enim
239 366 539 410 tnoefficieudae
566 368 784 421 praecipua
813 380 930 406 causa
964 364 1031 404 illa
1060 371 1170 414 erat,
1199 372 1245 404 ut
1274 371 1434 418 partum
1463 365 1547 404 eius

105 442 256 486 deleret
273 472 284 492 ‚
316 455 397 496 quo
425 441 510 495 ipse
538 455 562 480 a
589 440 722 480 fratris
750 439 972 479 hereditate
1002 437 1183 478 exclusus
1207 442 1326 477 esset.

150 547 155 550 .
211 512 256 561 6.
281 513 426 569 poculo
453 510 605 566 mortis]
663 510 786 551 Nulla
824 510 943 550 codd.
978 511 1142 564 vestigia
1169 509 1408 549 confirmant
1436 507 1548 547 Gru-

104 586 181 641 turi
205 586 474 640 suspicionem
501 585 552 624 de
578 583 747 624 delendo
778 584 955 638 genitivo
985 585 1145 633 mortis,
1180 596 1302 636 quam
1338 581 1549 620 Ernestius

105 665 147 707 α,
173 657 389 698 Schiitzius
415 664 565 697 temere
592 656 750 710 sequuti
790 662 917 694 sunt:
957 669 1051 693 nam
1079 668 1175 694 sane
1212 652 1350 693 nullus
1392 660 1478 692 erat
1507 653 1548 692 in

104 729 318 779 audaciore
329 729 487 770 dicendi
505 743 650 784 genere
665 727 875 767 dubitandi
914 725 1039 766 locus.
1093 725 1171 764 Sed
1200 727 1288 764 iure
1315 740 1405 764 mox
1426 739 1548 769 v.12.

103 802 318 844 Ernestius
362 801 530 843 offendit
574 802 616 841 in
659 800 856 840 adiectivo
890 801 1106 855 propriam
1142 797 1264 851 vulgo
1291 805 1384 836 ante
1425 798 1551 837 lacem

104 875 256 917 inserto
285 889 298 915 ε
362 874 472 930 quod
491 905 502 922 ‚
562 887 689 928 quum
737 871 989 912 commodam
1039 873 1123 910 eius
1179 869 1548 922 interpretationem

108 961 193 988 nou
234 946 408 999 videam,
455 947 700 1001 optimorum
747 943 943 984 librorum
991 942 1226 982 auctoritate
1274 942 1416 981 eiicere
1469 956 1550 981 non

103 1017 301 1059 dubitavi.

219 1091 298 1142 24,
343 1089 384 1130 5.
423 1098 588 1129 mortem
628 1097 746 1143 atque
783 1084 1021 1141 cruciatum]
1081 1083 1380 1137 Quinctilianus
1411 1083 1550 1139 (VIII,

103 1161 158 1216 4.)
197 1161 307 1202 haud
345 1161 467 1200 dubie
511 1174 629 1199 suum
666 1173 827 1199 sensum
862 1160 995 1213 potius
1044 1172 1164 1212 quam
1202 1157 1404 1197 Ciceronis
1430 1157 1554 1196 verba

101 1241 317 1290 sequutus,
348 1233 458 1273 hunc
485 1232 618 1273 locum
648 1234 704 1273 sic
733 1231 873 1272 affert:
903 1235 988 1272 vim
1027 1241 1141 1288 atque
1181 1232 1400 1270 cruciatam
1416 1261 1430 1281 ,
1458 1244 1554 1270 nam

102 1306 340 1348 insolentius
379 1320 489 1346 mors
530 1312 622 1345 ante
652 1306 873 1345 cruciatum
901 1307 1030 1359 posita
1057 1312 1131 1345 cst.
1189 1304 1267 1343 Sed
1295 1303 1401 1342 idem
1432 1317 1455 1341 a
1487 1303 1555 1342 ci-

103 1393 248 1420 cerone
289 1379 440 1420 factum
491 1393 576 1420 esse
618 1379 738 1418 Verr.
786 1378 825 1418 V
843 1408 855 1430 ‚
884 1392 922 1417 c.
956 1377 1022 1418 52.
1082 1375 1169 1416 138.
1196 1376 1354 1414 monuit
1383 1376 1557 1416 Garato-

102 1454 194 1493 nius
217 1483 230 1503 ‚
251 1441 340 1507 'quo
367 1466 485 1492 nemo
512 1454 554 1491 in
584 1450 738 1492 idoneis
767 1449 956 1504 exemplis
984 1449 1216 1503 colligendis
1242 1447 1456 1488 sollertior.

213 1525 254 1565 8.
289 1525 428 1565 multos
455 1522 633 1578 necaret]
669 1522 853 1563 Eandem
884 1523 1004 1573 hanc,
1024 1534 1145 1575 quam
1174 1535 1220 1560 ex
1249 1521 1411 1574 optimis
1441 1519 1555 1561 libris

104 1595 390 1651 praetulimus,
417 1595 658 1648 lectionem,
684 1595 909 1636 Lambinus
937 1597 978 1634 in
1007 1595 1173 1635 vetustis
1203 1592 1284 1632 suis
1314 1592 1522 1631 invenerat
1539 1607 1551 1631 ε

104 1668 161 1707 sic
190 1666 312 1723 igitur
339 1667 578 1706 auctoritate
607 1666 702 1706 satis
729 1666 888 1705 firmata
916 1679 1000 1704 esse
1021 1663 1211 1714 videtui-3
1241 1662 1291 1702 ad
1315 1664 1554 1702 sententiam

103 1737 332 1779 vehementi
359 1739 604 1779 accusationi
632 1738 735 1779 bene
760 1752 849 1778 eam
875 1738 1091 1777 convenire
1119 1744 1248 1790 puto:
1283 1735 1424 1775 eodem
1466 1736 1556 1775 iure

105 1810 228 1850 modo
255 1811 409 1851 dixerat
435 1818 595 1851 orator:
624 1811 677 1852 ab
705 1812 919 1866 Oppianici
951 1811 1118 1850 audacia
1133 1808 1293 1862 fiatri-5
1335 1807 1478 1848 liberos
1503 1822 1556 1849 ne

105 1885 278 1926 materni
306 1883 471 1940 quidem
499 1885 677 1938 corporis
706 1885 928 1924 custodiam
952 1891 1086 1938 tegere
1114 1883 1302 1936 potuisse.

221 1970 289 1996 20.
320 1971 348 1996 a
373 1955 491 2014 filio,
517 1957 553 1996 si
575 1957 644 2012 qui
672 1965 789 1996 natus
807 1958 883 1996 erit
907 1957 951 1996 h.
982 1956 1010 1996 l.
1039 1964 1078 1996 et
1103 1969 1194 1995 mox
1236 1954 1453 1994 formulam
1492 1954 1557 1992 iu-

103 2026 291 2067 dicialem
318 2042 424 2082 quae
450 2029 566 2083 quasi
593 2036 703 2069 extra
732 2036 959 2068 structurae
1020 2042 1166 2068 nexum
1198 2028 1330 2082 posita
1360 2034 1420 2067 est
1463 2025 1556 2066 vul-

107 2106 224 2154 gatae
251 2101 471 2156 scripturae
510 2100 775 2155 praetulimus
792 2132 803 2150 ‚
845 2115 947 2155 quae
990 2101 1039 2140 ad
1075 2101 1231 2140 solitam
1274 2101 1558 2155 grammaticae

108 2185 295 2212 normam
334 2172 506 2213 conficta
545 2180 640 2212 est.'
676 2173 812 2213 Etiam
852 2175 894 2212 in
933 2173 1052 2227 Digg.
1080 2173 1151 2212 ubi
1179 2188 1310 2213 sermo
1340 2172 1480 2211 incidit
1506 2171 1558 2211 de

107 2242 340 2284 huiusmodi
384 2243 607 2285 hereditate
647 2246 890 2286 instituenda
907 2278 917 2297 ‚
965 2246 1104 2285 eadem
1143 2253 1213 2285 aut
1251 2244 1391 2285 similis
1433 2244 1557 2283 dictio

108 2322 360 2370 usurpatur:
396 2317 452 2357 sic
480 2316 512 2357 l.
543 2332 611 2373 29.
642 2333 704 2372 pr.
721 2319 775 2357 D.
793 2318 842 2357 de
868 2318 1004 2358 liberis
1031 2326 1069 2358 et
1099 2318 1353 2372 posthumis:
1383 2318 1419 2356 si
1443 2316 1558 2372 filius

110 2400 231 2438 meus,
268 2390 363 2429 vivo
390 2402 468 2440 me,
491 2391 695 2441 morietur,
733 2399 823 2429 tunc
842 2390 877 2428 si
913 2392 999 2446 qais
1021 2392 1122 2429 mila·
1157 2405 1212 2430 ex
1254 2404 1300 2429 eo
1334 2403 1453 2445 nepos
1473 2390 1559 2427 sive

110 2472 211 2514 quae
230 2461 371 2515 neptis,
395 2468 488 2515 post
511 2469 676 2499 mortem
701 2474 831 2499 meam
859 2461 902 2500 in
936 2461 1067 2500 decem
1106 2463 1299 2501 mensibus
1335 2461 1556 2517 proximis,

110 2526 248 2586 quibus
273 2531 387 2588 filius
425 2546 530 2573 meus
558 2541 788 2584 moreretur,
824 2543 951 2580 natm,
977 2543 1077 2573 nata
1095 2535 1181 2583 erit,
1206 2533 1364 2572 heredes
1383 2541 1504 2572 sunto.
1525 2529 1556 2571 l.

114 2616 182 2657 29.
226 2607 266 2654 §.
295 2603 339 2645 6.
382 2605 547 2646 eodem:
595 2605 786 2662 quicquid
824 2606 901 2645 sibi
930 2606 1145 2645 liberor-um
1182 2614 1316 2644 natum
1362 2604 1441 2643 erit
1470 2613 1563 2660 post

113 2685 290 2716 mortem.
316 2676 346 2716 l.
378 2677 418 2717 5.
446 2681 486 2727 §.
524 2692 558 2717 1.
586 2678 640 2716 D.
673 2679 705 2717 si
734 2692 827 2731 pars
855 2677 1026 2720 heredit.
1058 2685 1163 2731 pct.:
1195 2691 1432 2733 quocumque
1461 2677 1564 2715 mila·

113 2749 201 2788 nali
229 2757 362 2799 elwa,
396 2757 435 2788 ec
466 2749 611 2789 Lucius
649 2750 775 2790 Titius
795 2763 874 2804 pro
901 2750 1086 2790 virilibus
1113 2734 1361 2804 portiotiibus
1401 2748 1562 2788 heredes

124 3006 147 3030 z»
168 3003 214 3046 μγ
