1846 3178
271 179 337 240 48
879 175 1093 217 ORA'no

270 296 337 347 ad
369 294 562 348 easdem
595 315 693 348 esse
726 299 820 348 sibi
854 298 1062 368 praedas
1092 319 1150 352 ac
1181 305 1545 374 suppressiones
1571 304 1708 358 iudi³

270 382 417 431 ciales
441 381 804 431 revertendum.
848 387 1025 451 Itaque
1051 404 1212 453 quum
1236 388 1578 460 Oppianicum
1601 390 1717 440 iam.-

269 463 530 533 perditum
563 476 612 511 et
647 463 846 513 duobus
894 465 1180 532 iugulatum
1214 469 1536 536 praeiudiciis
1567 469 1704 519 vide·

271 558 369 595 ret:
406 544 657 613 promissis
689 544 788 593 suis
821 562 938 594 eum
971 547 1202 597 excitavit
1235 549 1510 610 abiectum,
1559 562 1609 599 et
1641 549 1706 600 si·-

271 627 382 675 mul
427 625 576 674 saluti
622 624 882 694 desperare
927 628 1101 677 vetuit.
1179 630 1490 702 Oppianicus
1534 629 1731 680 autem5

273 725 415 756 orare
449 707 708 756 hominem
741 708 928 775 coepit,
981 720 1041 757 ut
1072 708 1167 756 sibi
1203 710 1451 758 rationem
1482 709 1706 775 ostende-

193 798 249 855 69
279 800 356 837 ret
390 787 568 836 iudicii
601 789 974 858 corrumpendi.
1042 791 1133 838 Ille
1162 802 1332 839 autem
1363 789 1708 858 (quemadmo-

274 869 399 919 dum
431 887 488 918 ex
524 871 629 939 ipso
665 871 951 939 Oppianico
994 884 1162 940 postea
1207 884 1278 921 est
1319 869 1589 934 auditum)
1622 889 1715 922 ne·-

273 945 430 1020 gavit,
469 971 779 1020 quemquam
811 971 908 1002 esse
943 954 999 1003 in
1032 954 1254 1012 civitate,
1290 966 1487 1022 praeter
1507 970 1581 1012 se,
1613 952 1707 1021 qui

273 1034 328 1082 id
362 1034 558 1082 efficere
591 1035 755 1103 possit.
821 1035 915 1085 Sed
937 1037 1102 1104 primo
1130 1037 1323 1103 gravari
1349 1036 1531 1104 coepit,
1566 1034 1758 1103 quodue

274 1114 582 1164 aedilitatem
615 1133 664 1164 se
696 1130 865 1185 petere
900 1136 1016 1166 cum
1040 1118 1332 1167 hominibus
1365 1117 1706 1187 nobilissimis,

200 1228 204 1232 ·
272 1209 324 1246 et
370 1197 614 1248 invidiam
666 1211 818 1265 atque
880 1199 1207 1247 offensionem
1261 1199 1436 1248 timere
1484 1199 1708 1262 dicebat5

272 1291 384 1347 post
416 1293 665 1339 exoratus,
710 1281 857 1329 initio
894 1299 1216 1348 permagnam
1252 1282 1519 1350 pecuniam
1553 1299 1710 1350 popo·-

272 1361 386 1420 scit,
423 1359 607 1409 deinde
643 1361 707 1410 ad
742 1362 795 1409 id
828 1363 1079 1430 pervenit,
1131 1362 1268 1428 quod
1302 1363 1481 1411 confici
1515 1363 1706 1431 potuit,

271 1443 336 1491 H.
368 1444 415 1492 S.
458 1456 685 1492 sexcenta
730 1442 1062 1509 quadraginta
1098 1442 1280 1492 deferri
1322 1443 1386 1491 ad
1418 1461 1467 1493 se
1499 1443 1761 1493 domum15

273 1524 428 1574 iussit.
499 1525 645 1589 Quae
677 1524 894 1593 pecunia
927 1524 1075 1573 simul
1111 1536 1262 1591 atque
1294 1524 1358 1573 ad
1391 1542 1510 1574 eum
1542 1524 1709 1575 delata

273 1620 368 1667 est,
404 1607 555 1656 bomo
590 1607 955 1675 impurissimus
986 1607 1154 1655 statim
1187 1608 1352 1675 coepit
1382 1608 1437 1656 in
1461 1605 1708 1655 eiusmodi

273 1701 442 1739 mente
476 1701 526 1738 et
558 1690 858 1756 cogitatione
892 1690 1100 1739 versari:
1137 1689 1268 1737 nihil
1302 1706 1399 1738 esse
1430 1689 1530 1737 suis
1557 1688 1709 1736 ratio-

276 1771 428 1821 nibus
460 1770 655 1829 utilius,
692 1789 846 1838 quam
862 1770 1205 1838 Oppianicum
1228 1769 1583 1832 condemnari3
1617 1769 1707 1817 illo

276 1852 529 1911 absoluto,
566 1853 835 1921 pecuniam
859 1853 999 1901 illam
1026 1865 1112 1902 aut
1141 1851 1394 1901 iudicibus
1422 1850 1763 1920 dispertien-zo

278 1932 420 1995 dam,
454 1946 543 1982 aut
578 1935 671 2002 ipsi
705 1951 803 1983 esse
838 1933 1146 1983 reddendam
1158 1956 1170 1995 3
1216 1933 1482 1992 damnato,
1529 1933 1712 2002 repeti-

279 2027 455 2065 turum
487 2033 584 2065 esse
625 2017 892 2075 neminem.
960 2020 1139 2084 Itaque
1185 2034 1293 2066 rem
1336 2016 1580 2083 excogitat
1610 2015 1710 2066 sin-

389 2204 424 2233 1.
481 2191 638 2231 easdem
666 2191 741 2231 sibi
905 2191 946 2242 4.
1005 2205 1097 2230 eum
1126 2190 1206 2230 suis
1369 2189 1408 2231 5.
1467 2205 1546 2231 om.
1575 2197 1710 2232 autem

384 2246 444 2286 15.
474 2248 736 2301 quadraginta
761 2243 887 2286 millia
1584 2253 1586 2255 '

378 2401 405 2423 1.
458 2399 533 2422 esse
557 2388 627 2422 sibi
654 2387 803 2433 praedas
828 2385 1103 2433 Adefglzkln
1125 2386 1513 2433 oprstuvyd'scqg
1631 2399 1708 2423 esse

280 2436 429 2481 praedas
451 2438 480 2470 B
528 2435 600 2468 sibi
625 2435 775 2480 praedas
800 2435 830 2468 R
849 2435 948 2480 vulg.
1082 2446 1111 2467 α.
1137 2446 1211 2467 esse
1237 2433 1485 2468 revertendum
1515 2435 1535 2472 ξ
1698 2459 1707 2467 .

281 2484 354 2516 suis
381 2495 461 2516 cum
485 2483 553 2516 AB
635 2492 716 2516 eum
745 2482 817 2513 suis
841 2481 910 2514 Ro
1069 2480 1100 2515 5.
1125 2485 1241 2512 autem
1269 2479 1349 2513 add.
1378 2492 1422 2512 ex
1445 2480 1545 2514 ΛΒΙ)
1571 2484 1709 2523 (corr.)

286 2541 336 2565 ιο.
362 2535 482 2573 posset
507 2530 624 2572 ι’ρστ
723 2530 783 2565 13.
812 2532 955 2560 exortus
984 2538 1007 2558 α
1116 2528 1165 2561 15.
1194 2527 1260 2559 HS
1287 2532 1450 2560 sexcenta
1476 2527 1712 2571 quadsaginta

280 2575 343 2608 BI-
393 2576 447 2608 HS
470 2575 596 2610 XXXX
624 2577 654 2609 A
725 2579 761 2607 et
784 2573 947 2607 sestertia
974 2572 1206 2618 quadraginta
1230 2573 1344 2605 millia
1368 2584 1392 2617 p
1485 2581 1520 2606 et
1545 2579 1712 2607 sexcenta

281 2620 517 2666 quadraginta
541 2622 655 2655 millia
680 2621 816 2665 degw
863 2626 898 2653 ct
921 2620 1083 2652 sestertia
1131 2626 1296 2652 sexcenta
1329 2617 1564 2665 quadraginta
1595 2620 1713 2653 millia

280 2666 499 2712 Βαγδεζη
514 2678 668 2714 ικμνπ
738 2673 774 2700 et
797 2667 1002 2700 sestertium
1022 2685 1062 2691 —
1081 2667 1196 2699 millia
1226 2667 1275 2710 ξρ
1294 2674 1317 2698 σ
1387 2669 1423 2698 et
1449 2666 1506 2700 Hs
1536 2685 1576 2693 -
1595 2666 1712 2700 millia

280 2724 328 2794 “th
387 2717 450 2795 ὲὸ.
477 2712 710 2762 cogitatione]
738 2713 890 2760 cogitare
917 2712 947 2747 B
1045 2723 1094 2759 19.
1116 2713 1279 2747 damnari
1303 2721 1387 2752 αες
1482 2711 1710 2752 21.reddun-

330 2770 365 2795 m
