1846 3178
322 181 370 215 VI

322 303 443 349 taque
469 294 615 353 laetitia
646 310 780 336 curam
809 295 911 335 hanc
941 294 1156 337 commodis
1179 298 1323 338 nostris
1351 298 1566 352 impensam
1591 297 1747 352 excepi‘,

326 388 449 437 quum
463 397 567 422 unus
581 383 700 423 codex
713 384 972 433 Monacensis,
995 385 1063 438 qui
1081 384 1307 440 Salisburgo
1319 387 1361 426 in
1375 387 1521 440 regiam
1533 383 1748 426 bibliothe-

322 483 412 510 cam
440 469 573 510 illatus
611 478 694 510 erat
714 500 726 522 ‚
767 484 926 524 prorsus
956 485 1047 510 cum
1083 474 1232 526 optimo
1268 472 1502 514 Florentino
1527 473 1749 513 consentire

322 564 541 612 appareret.
598 558 745 611 Magna
774 558 892 611 igitur
930 558 1036 611 apud
1075 573 1138 599 me
1177 559 1295 600 huius
1332 546 1563 614 inspiciendi
1599 559 1748 614 cupido

321 650 455 685 exorta
483 650 556 692 est,
590 657 662 683 nec
705 644 848 684 frustra
881 653 1085 699 concepta.
1143 646 1245 686 Nam
1273 648 1391 688 iidem
1423 649 1500 688 viri
1527 647 1749 698 clarissimi,

321 744 492 786 quorum
508 730 783 770 liberalitatem
800 733 879 770 iam
905 734 1050 786 experti
1072 746 1242 781 eramus,
1267 747 1290 772 a
1312 731 1652 780 NIEBUHRIO
1670 732 1748 771 ite·

320 818 411 858 rum
428 817 567 859 litteris
589 819 737 872 rogati,
770 819 911 867 omnis,
943 833 1041 873 quos
1072 821 1351 873 expetivimus,
1382 826 1467 858 tum
1482 815 1648 872 scriptos
1661 825 1749 857 tum

320 907 530 960 impressos
572 904 694 945 libros
712 935 723 957 ,
767 906 1007 946 concedente
1048 920 1231 961 supremo
1269 906 1451 961 publicae
1490 905 1749 945 institutionis

320 993 362 1032 in
408 1006 530 1046 regno
574 992 765 1031 Bavarico
802 992 1135 1032 administrandae
1170 993 1358 1042 consilio,
1404 995 1584 1033 Bonnam
1615 999 1750 1032 trans-

319 1080 477 1119 mittere
523 1093 604 1118 non
646 1079 891 1121 dubitarunt.
977 1079 1176 1119 Continuo
1222 1093 1294 1134 ego
1338 1085 1565 1119 accuratam
1609 1090 1750 1117 eorum

318 1166 655 1220 comparationem
703 1165 877 1213 institui,
924 1180 1005 1219 qua
1039 1166 1199 1220 quidem
1230 1167 1337 1206 bona
1374 1180 1488 1220 spes,
1536 1178 1658 1220 quam
1695 1163 1747 1204 de

316 1251 605 1306 salisburgensi
633 1253 763 1292 statim
783 1232 1066 1306 conceperam,
1099 1254 1255 1307 egregie
1271 1253 1502 1293 confirmata
1522 1258 1594 1292 est.
1643 1250 1748 1291 Nam

317 1345 442 1394 quum
469 1354 541 1394 per
569 1347 695 1380 totam
722 1341 942 1380 orationem
982 1342 1065 1381 eius
1092 1342 1260 1380 varietas
1297 1354 1389 1380 cum
1424 1338 1749 1393 praestantissimi

314 1426 351 1466 F
352 1426 538 1467 lorentini
565 1427 770 1480 scripturis
796 1427 1049 1476 conveniret,
1084 1428 1140 1466 ita
1167 1434 1302 1466 tamen
1337 1427 1379 1465 in
1421 1425 1540 1466 rebus
1581 1425 1748 1465 minutis

317 1513 370 1553 ab
389 1527 436 1553 eo
465 1513 658 1564 discessit,
696 1518 741 1551 ut
771 1519 957 1551 neutrum
987 1525 1037 1550 ex
1066 1510 1191 1551 altero
1225 1510 1403 1562 fluxisse,
1433 1511 1503 1563 sed
1531 1518 1749 1564 utrumque

318 1614 364 1640 ex
395 1600 617 1653 antiquiore
646 1599 757 1638 sonte
787 1598 1009 1638 derivatum
1035 1611 1120 1637 esse
1146 1605 1395 1651 compertum
1418 1595 1621 1636 haberem.
1652 1597 1746 1648 Quo

317 1686 473 1741 saepius
500 1694 632 1726 autem
670 1693 915 1726 constantem
942 1686 1150 1739 utriusque
1183 1685 1332 1725 codicis
1359 1685 1627 1724 recensionem
1654 1697 1745 1738 per-

315 1773 560 1828 pendebam,
603 1786 649 1812 eo
676 1773 806 1812 minus
844 1772 1027 1812 dubitare
1053 1773 1189 1826 potui,
1235 1773 1333 1826 quin
1361 1772 1510 1827 ubique
1543 1772 1627 1813 fere
1652 1772 1745 1814 vul-

315 1868 428 1916 gatae
455 1860 571 1914 longe
599 1854 840 1914 praestaret,
873 1868 912 1899 et
939 1861 980 1898 in
1008 1859 1239 1898 universum
1257 1858 1479 1899 revocanda
1501 1865 1615 1898 esset.
1655 1859 1744 1899 Hoc

314 1948 524 1988 consilium
553 1963 658 1988 nova
686 1948 759 1987 hac
802 1947 972 1987 editione
1010 1948 1165 2001 sequuti
1203 1961 1355 1986 sumus.
1410 1946 1465 1986 Et
1503 1957 1742 1998 quamquam

315 2035 540 2075 institutum
567 2042 748 2075 nostrum
775 2049 816 2074 se
844 2036 974 2088 ipsum
1017 2033 1142 2074 doctis
1179 2035 1300 2082 viris,
1340 2046 1511 2086 quorum
1552 2024 1742 2071 iudIcium

314 2123 447 2176 magni
474 2122 640 2162 facimus
656 2153 667 2174 ,
704 2121 872 2176 probare
900 2121 1017 2161 debet
1050 2128 1089 2161 et
1118 2119 1419 2171 commendare,
1462 2117 1571 2157 haud
1599 2115 1741 2158 inutile

314 2217 446 2250 tamen
474 2209 632 2250 videtur
663 2223 728 2249 eas
755 2210 951 2257 rationes,
993 2208 1139 2262 quibus
1165 2207 1332 2247 maxime
1356 2204 1591 2245 confidimus
1609 2234 1620 2252 ,
1661 2202 1740 2243 hec

312 2296 401 2336 loco
428 2309 665 2350 proponere.

422 2381 606 2421 Primum
634 2381 754 2434 igitur
782 2380 881 2419 illud
909 2379 1024 2419 nobis
1050 2392 1233 2432 magnam
1260 2377 1405 2416 horum
1432 2376 1612 2415 codicum
1633 2374 1738 2414 fidu-

312 2467 415 2508 ciam
446 2465 564 2518 sacit,
596 2467 703 2521 quod
735 2465 842 2505 haud
878 2478 969 2503 raro
996 2470 1194 2517 receptam
1233 2463 1310 2501 iam
1351 2469 1390 2501 et
1427 2461 1496 2500 diu
1535 2460 1737 2513 vulgatam

313 2556 571 2609 scripturam,
631 2566 751 2607 quam
794 2553 1024 2604 interpretes
1065 2549 1296 2603 iampridem
1335 2549 1450 2587 unice
1486 2546 1733 2600 probarunt,

312 2642 362 2682 ab
390 2642 437 2682 iis
465 2641 557 2681 solis
593 2648 789 2681 servatam
818 2652 898 2678 csse
926 2638 1130 2690 videmus,
1173 2635 1344 2691 reliquos
1374 2638 1520 2686 omnis,
1563 2647 1734 2689 quorum
