1846 3178
327 214 416 263 190
867 197 1189 239 ADNOTA‘rlo

325 323 458 357 tamen
486 318 539 357 ob
564 318 861 372 praecedentem
891 320 1110 372 genitivum
1146 323 1339 376 utriusque
1371 321 1632 375 depravatum
1660 332 1744 360 esse

324 395 448 441 puto:
490 396 576 428 tum
618 390 843 428 consuetudo
889 403 962 442 pro
1002 391 1232 430 necessitudo
1258 391 1373 432 bonis
1401 391 1605 432 codicibus
1633 403 1743 431 com-
1767 383 1768 386 ¹

323 458 556 499 mendatur:
588 460 655 499 scd
681 459 757 498 hoc
790 473 950 513 quoque
976 474 1021 499 ex
1047 461 1315 514 praecedentis
1341 463 1453 502 verbi
1481 461 1743 502 similitudine

322 538 553 584 corruptum
596 544 679 569 esse
722 530 906 571 videtur:
954 545 1047 570 nam
1094 532 1221 571 maius
1268 532 1366 585 quid
1403 532 1615 572 dicendum
1639 539 1742 582 erat,

319 609 409 654 post
446 601 703 654 praemissum
742 614 887 640 nomen
930 615 1061 649 usam,
1114 614 1234 654 quam
1259 602 1501 650 consuetudo,
1533 617 1612 656 qua
1642 601 1742 644 illud

321 672 483 710 minime
510 678 691 724 augetur.

435 743 495 785 15.
521 756 640 797 quum
659 757 671 781 :
713 742 816 782 hanc
857 742 1091 796 particulam
1107 773 1118 794 ,
1158 757 1259 797 quae
1285 757 1406 798 quam
1438 745 1657 785 necessaria
1691 745 1742 785 sit

317 820 423 852 recte
465 813 564 852 vidit
591 812 765 852 Orellius
786 844 797 865 ,
837 814 940 853 inter
979 815 1107 853 omnis
1151 814 1268 854 codd.
1308 822 1426 854 notos
1454 813 1526 854 soli
1555 814 1742 856 exhibent

316 884 622 938 salisburgensis
648 892 688 924 et
715 887 887 938 optimus
914 884 1180 925 Florentinus.

432 955 492 996 16.
521 971 575 995 ex
601 957 689 1008 hac]
746 956 810 995 Sic
840 957 1001 995 demum
1032 957 1138 996 hunc
1166 956 1298 996 locum
1336 957 1465 997 lucem
1509 970 1642 996 suam„
1666 969 1741 996 ua-

315 1034 424 1066 ctum
454 1041 537 1066 esse
564 1026 649 1065 iure
675 1025 878 1065 laetamur.
936 1027 983 1064 In
1011 1026 1169 1080 vulgata
1206 1029 1401 1080 scriptura
1426 1028 1477 1067 inr
1495 1028 1570 1067 hac
1595 1027 1743 1079 flustra

313 1098 592 1152 quaerebatur,
625 1111 706 1151 quo
733 1111 951 1151 pronomen
981 1097 1231 1138 referendum
1246 1105 1358 1138 esset
1375 1129 1388 1149 ‚
1433 1113 1558 1152 quum
1585 1103 1742 1152 praeter

315 1169 559 1208 Gulielmum
603 1183 720 1208 nemo
755 1169 833 1208 dici
875 1183 987 1222 posse
1016 1177 1192 1209 censeret
1219 1172 1331 1223 quasi
1360 1169 1566 1209 Gallorum
1593 1180 1706 1209 more
1725 1183 1738 1209 ε

314 1254 420 1280 sumo
458 1240 615 1296 aliquid
669 1241 711 1279 in
753 1249 819 1279 tua
855 1241 972 1295 fide,
1011 1242 1217 1294 diligentia
1243 1249 1336 1281 cett.
1398 1241 1534 1292 Quare
1558 1240 1738 1294 plerique

314 1312 547 1365 interpretes
573 1312 615 1350 in
646 1311 716 1350 hoc
745 1310 1043 1364 praetulerunt,
1086 1312 1193 1365 quod
1237 1312 1453 1351 Lambinus
1503 1313 1738 1365 proposuit:

313 1383 382 1423 sed
416 1382 514 1437 quid
540 1382 582 1420 hi
624 1395 761 1421 omnes
797 1382 936 1421 mediis
963 1382 1039 1422 illis
1067 1382 1222 1432 verbis,
1263 1396 1365 1436 quae
1394 1383 1531 1421 Cicero
1558 1383 1739 1436 inprimis

313 1453 489 1493 extollit:
537 1467 654 1508 qaam
683 1454 763 1507 ipse
790 1473 843 1480 —-
870 1473 919 1481 -—
949 1451 1131 1502 dicendi,
1164 1451 1351 1499 fecerint,
1383 1465 1544 1504 prorsus
1567 1465 1650 1491 non
1675 1453 1738 1492 in-

312 1523 462 1577 telligo.
517 1522 664 1562 Contra
693 1523 874 1561 restituta
903 1535 999 1560 vera
1029 1522 1147 1561 huius
1173 1521 1251 1561 loci
1279 1521 1406 1560 forma
1432 1535 1488 1560 ex
1513 1522 1606 1572 hac,
1649 1535 1738 1562 om·

312 1596 379 1635 nia
407 1594 522 1635 facile
550 1602 589 1634 et
616 1602 705 1648 apte
734 1594 964 1634 decurrunt.

422 1665 472 1706 82
493 1696 504 1715 ,
538 1682 575 1720 7.
605 1666 813 1721 exemplis.
846 1662 1020 1718 Ponam]
1075 1663 1199 1703 Varia
1225 1662 1356 1712 lectio,
1386 1676 1490 1716 quae
1516 1664 1556 1701 in
1575 1662 1736 1716 optimis

313 1738 430 1779 codd.
465 1745 641 1791 apparet,
673 1737 850 1791 exempli
880 1751 996 1775 causa
1023 1749 1095 1788 pro
1138 1735 1330 1788 exemplis
1367 1734 1481 1773 nobis
1521 1732 1622 1772 nihil
1660 1733 1739 1773 nisi

312 1826 423 1851 error
460 1810 615 1850 librarii
660 1824 742 1849 esse
785 1809 965 1856 videtur,
1005 1809 1073 1860 qui
1101 1807 1323 1846 litterarum
1348 1820 1367 1844 s
1392 1807 1433 1844 in
1458 1803 1535 1843 fine
1559 1805 1736 1844 nominis

309 1897 384 1937 pro
412 1897 433 1921 c
461 1882 611 1935 accepit
643 1895 689 1921 ex
719 1894 842 1934 eaque
869 1894 985 1918 causa
1015 1879 1294 1931 interpretatus
1323 1883 1396 1916 est.
1452 1875 1494 1914 Si
1521 1876 1611 1928 quis
1649 1873 1738 1928 plus

310 1954 555 1993 auctoritatis
588 1952 683 1991 huic
712 1953 928 2004 scripturae
956 1949 1129 1996 tribuat,
1159 1951 1282 2002 possit
1317 1949 1376 1998 is,
1416 1952 1567 1984 mutata
1595 1943 1736 1998 distin-

310 2024 456 2074 ctione,
484 2022 560 2061 hoc
587 2021 707 2060 modo
735 2021 867 2060 locum
899 2021 1168 2059 constituere:
1199 2011 1319 2073 neque
1354 2017 1396 2055 in
1435 2030 1477 2055 re
1514 2024 1607 2056 nota
1643 2028 1736 2055 con·

310 2107 468 2133 sumam
496 2102 664 2147 tempus:
697 2091 872 2146 exempli
896 2103 1011 2129 eausa
1033 2102 1183 2144 ponam
1211 2087 1315 2126 illud
1339 2100 1468 2126 unum.
1590 2129 1592 2131 ,
1631 2132 1634 2135 v

419 2162 470 2203 83
492 2193 502 2211 ,
543 2163 601 2212 14.
641 2162 810 2201 sublatas
838 2176 860 2200 a
888 2160 1084 2199 Lambino
1126 2158 1222 2198 olim
1250 2172 1271 2197 e
1299 2157 1386 2196 MS.
1416 2163 1632 2207 enotaturn,
1662 2171 1735 2197 no-

308 2234 397 2274 stris
426 2233 745 2283 assentientibus,
774 2246 856 2271 non
884 2231 1033 2270 diutius
1062 2245 1107 2269 ex
1134 2230 1273 2268 ordine
1299 2227 1585 2268 excludendum
1615 2227 1730 2268 duxi:

307 2306 620 2359 subscriptiones
666 2307 772 2343 enim
814 2302 933 2343 semel
980 2303 1104 2341 factae
1147 2308 1251 2340 certe
1277 2315 1358 2339 non
1390 2298 1636 2348 delebantur,
1664 2298 1734 2338 sed

305 2376 368 2415 vis
407 2390 543 2415 earum
572 2375 826 2429 sequentibus
853 2374 1006 2413 iudiciis
1033 2372 1262 2412 tollebatur.
1308 2371 1440 2410 Etiam
1469 2369 1734 2423 complurium

306 2447 422 2488 codd.
469 2447 634 2500 vestigia
672 2460 699 2485 a
743 2444 905 2499 vulgata
946 2446 1143 2498 scriptura
1178 2441 1418 2483 discedentia
1459 2440 1643 2496 (delatas)
1681 2439 1733 2480 ad

307 2517 474 2557 eandem
502 2517 787 2556 correctionem
817 2516 982 2554 ducunt.

420 2587 482 2628 18.
509 2586 713 2643 accepisse]
771 2587 955 2640 Optimos
981 2585 1103 2625 libros
1133 2584 1357 2638 sequimur:
1387 2589 1603 2637 utrumque
1639 2596 1731 2636 per-

306 2658 401 2700 inde
428 2659 573 2698 dic1tur
603 2665 642 2697 et
673 2672 811 2713 capere
834 2658 1044 2713 pecuniam
1072 2658 1127 2708 (v.
1161 2669 1280 2710 supra
1311 2669 1353 2710 p.
1385 2653 1459 2704 82,
1493 2655 1573 2709 25.)
1601 2661 1641 2695 et
1665 2667 1732 2695 ae-

305 2731 435 2784 cipere
462 2734 523 2779 (v.
554 2744 595 2783 p.
628 2743 677 2784 72
714 2733 782 2783 1.)-
