1846 3178
1544 176 1595 210 ,31

149 286 290 343 726⁴,-
320 289 380 333 18.
410 289 493 330 illis
1069 291 1130 332 his

141 388 193 437 a.
206 396 281 427 ——‚
308 387 374 416 ao.
406 377 548 432 inquit,
577 376 725 418 idcirco
1074 377 1238 429 idcirco,
1267 376 1395 430 inquit

153 476 172 502 u
200 475 307 512 ¹02„
335 478 373 519 7.
404 462 487 504 sine
504 463 587 518 lege
613 465 872 520 copiosissime
1066 479 1155 521 cop.
1184 465 1269 505 sine
1294 464 1378 516 lege

92 535 175 602 -S'Xin
206 570 278 602 -‚
313 563 375 590 12.
405 550 662 591 obtineremus
1070 553 1282 592 obtinerem

154 652 175 676 ι
207 660 279 690 —‚
309 651 379 678 20.
409 639 653 678 contineatur
1071 648 1248 680 teneatur

153 743 175 766 ι
202 726 292 776 103,
317 740 381 781 19.
412 735 502 766 ante
1071 737 1191 766 antea

153 826 174 850 ι
203 836 272 862 —-,
304 826 372 852 αι.
411 813 523 869 Quid
546 816 670 866 ergo?
1069 813 1179 868 Quid
1202 826 1293 866 ergo
1321 821 1376 852 est
1390 817 1411 851 ?

260 987 311 1027 ln
348 987 588 1043 quibusdam
630 989 776 1029 horum
820 989 999 1029 locorum
1040 990 1159 1030 etiam
1201 987 1393 1029 Lambini
1420 987 1514 1028 libri
1541 987 1593 1028 ad

149 1073 394 1131 scripturam
416 1092 441 1117 a
467 1077 582 1118 nobis
608 1085 807 1131 receptam
835 1078 1044 1119 accedunt.
1098 1077 1176 1118 Sed
1208 1077 1499 1118 Lambiuianae
1528 1089 1594 1115 va-

149 1164 301 1205 rietatis
339 1179 432 1205 cum
473 1172 612 1206 nostra
658 1165 958 1206 similitudinem
998 1166 1124 1220 paulo
1145 1166 1384 1211 ,accuratius
1416 1164 1595 1204 indicare

148 1263 295 1305 operae
330 1251 506 1305 pretium
545 1259 628 1292 est:
669 1251 766 1307 quia
804 1253 900 1293 hinc
938 1268 1100 1308 quoque
1149 1267 1307 1294 summa
1353 1251 1594 1292 immortalis

148 1339 228 1380 viri
251 1338 456 1394 diligentia
485 1341 751 1395 cognoscitur,
783 1343 847 1380 cui
876 1342 1073 1381 recentior
1115 1339 1279 1381 demum
1327 1348 1461 1393 aetas,
1501 1346 1593 1395 post

148 1426 307 1481 iniquas
333 1427 566 1468 invidorum
593 1428 826 1479 simultates,
859 1430 1001 1469 iustior
1028 1430 1176 1469 exstitit
1205 1431 1461 1470 aestimatrix.
1504 1426 1599 1483 Ap-'

148 1520 263 1568 paret
294 1514 403 1554 enim
442 1513 583 1563 illum,
631 1515 751 1554 etiam
797 1514 867 1554 ubi
905 1514 955 1554 de
996 1513 1110 1554 libris
1147 1513 1250 1554 nihil
1289 1522 1592 1566 commemorat,

147 1599 295 1642 multas
324 1607 459 1640 tamen
494 1601 801 1655 praestantiores
827 1602 1046 1655 scripturas
1082 1614 1105 1641 e
1131 1600 1337 1642 codicibus
1373 1602 1456 1642 suis
1481 1616 1593 1643 rece-

148 1687 278 1743 pisse:
307 1687 503 1728 eiusmodi
535 1687 645 1728 locos
664 1688 837 1742 praefixo
865 1688 1051 1729 asterisco
1077 1687 1126 1743 (*)
1154 1688 1459 1744 distinguemus.
1515 1690 1595 1730 Ce-

146 1781 280 1816 terum
317 1789 445 1830 quum
493 1782 658 1830 propter
701 1776 948 1831 frequentem
983 1791 1223 1817 consensum
1257 1777 1594 1819 verisimillimum

146 1862 224 1914 sit,
265 1862 444 1903 codicem
477 1861 521 1902 S.
553 1862 729 1902 Victoris
745 1893 756 1912 ‚
813 1877 934 1918 quem
970 1871 1111 1917 postea
1141 1863 1366 1906 Gulielmus
1388 1866 1560 1907 contulit
1575 1898 1591 1920 ‚

147 1951 266 1992 fuisse
295 1952 401 1991 inter
429 1963 520 1999 cos,
549 1948 696 2004 quihus
719 1951 938 1991 Lambinus
966 1950 1157 1991 utebatur
1171 1982 1184 2005 ‚
1213 1953 1334 1993 etiam
1362 1953 1484 1996 huius
1502 1955 1588 2000 MS.

145 2039 380 2080 varietatem
417 2038 655 2093 apponimus
692 2038 769 2079 hoc
805 2040 918 2094 signo
952 2040 1011 2093 (†)
1036 2046 1229 2082 notatam.

200 2128 340 2169 Lectio
366 2128 527 2182 optimis
558 2127 764 2167 codicibus
795 2129 941 2168 nostris

253 2231 346 2258 cum
374 2215 651 2256 Lambinianis
677 2215 912 2255 communis.
1159 2216 1299 2258 Lectio
1327 2215 1502 2272 vulgata.

190 2304 241 2345 P.
286 2304 327 2356 3,
384 2317 423 2344 2.
450 2304 581 2358 partis
1056 2313 1192 2359 partes

141 2395 168 2439 †
210 2408 229 2430 n
287 2390 329 2442 6,
383 2405 427 2446 9.
459 2392 588 2432 oratio
1062 2395 1166 2434 ratio

203 2496 223 2515 n
267 2492 326 2529 ιο,
364 2492 424 2519 12.
456 2479 499 2518 in
522 2480 632 2518 omni
657 2492 774 2518 causa
1058 2481 1232 2521 nominis
1259 2494 1381 2522 causa

142 2567 164 2592 *
206 2585 227 2606 ι
264 2581 325 2616 12,
362 2566 426 2608 15.
455 2582 532 2608 esse
544 2567 788 2620 faciendum
1045 2569 1286 2620 fizcz'endum
1316 2583 1393 2610 esse

199 2671 218 2693 n
257 2657 321 2710 13,
376 2671 418 2711 9.
447 2659 517 2711 qui
1056 2671 1173 2711 quum
