1846 3178
395 287 620 342 saepissime
654 300 806 327 errores
847 285 1055 340 propagati
1091 292 1205 334 sunt,
1248 292 1287 324 et
1330 284 1514 338 eaedem,
1545 291 1647 340 quae
1675 282 1716 324 in

392 375 479 424 his,
517 375 683 415 lacunae
708 375 1019 427 conspiciuntur.

310 481 351 534 β.
379 480 459 521 Ed.
494 480 648 519 Veneta
681 493 715 518 a.
743 476 891 528 1480.;
935 459 1310 517 cuius‘varietatem
1339 490 1384 516 ex
1409 474 1616 516 Garatonii
1644 486 1718 516 no-

394 570 445 607 tis
476 566 718 620 collegimus.

313 698 350 736 y.
381 683 459 723 Ed.
490 683 644 721 Veneta
688 695 726 720 a.
774 679 891 732 1483.
934 679 985 718 ab
1029 678 1183 719 Orcllio
1217 677 1515 732 diligentissime
1552 675 1717 734 collata,

396 770 554 822 parcius
595 783 617 807 a
657 767 888 806 Garatonio.
947 766 1101 807 Veneta
1146 772 1315 820 utraque
1359 766 1577 812 orationem
1619 765 1721 805 inte-

395 870 507 910 gram
548 855 751 895 continent
791 854 912 894 talem
952 854 1059 902 fere,
1120 852 1247 908 qualis
1282 855 1323 892 in
1359 837 1626 893 mediocribus
1659 865 1722 892 se·

398 943 554 982 eundae
584 942 717 982 classis
749 943 863 982 MSS.
903 942 1062 996 legitur.

321 1058 360 1098 ὃ.
389 1058 468 1098 Ed.
490 1056 796 1096 Mediolanensis
822 1070 857 1096 a.
899 1055 1012 1111 1498.
1044 1070 1114 1110 per
1134 1054 1408 1095 Alexandrum
1431 1055 1724 1107 Minucianum,

397 1145 525 1199 prima
570 1144 771 1184 Ciceronis
824 1158 990 1199 operum
1036 1143 1250 1184 collectio=
1320 1159 1423 1184 nova
1469 1144 1723 1195 recensione,

399 1231 468 1272 sed
514 1231 560 1283 ¹in
603 1230 841 1270 Cluentiana
882 1229 1031 1270 nullius
1065 1230 1193 1284 pretii.
1246 1229 1438 1284 Exemplo
1479 1231 1542 1269 usi
1589 1242 1727 1270 sumus

398 1316 663 1357 bibliothecae
691 1316 786 1369 Reg.
819 1316 1083 1355 Monacensis.

327 1443 364 1472 ε’.
407 1432 620 1471 Orationes
669 1431 871 1470 Ciceronis
920 1444 991 1483 per
1041 1428 1274 1482 Philippum
1327 1429 1566 1470 Beroalduni
1612 1443 1726 1471 reco-

400 1519 560 1574 gnitae,
617 1517 818 1557 Bononiae
849 1531 884 1556 a.
920 1517 1063 1570 ¹499*
1106 1531 1185 1571 qua
1217 1517 1389 1556 editione
1429 1517 1558 1570 prima
1591 1521 1726 1555 nostra

347 1629 350 1632 ·
401 1603 473 1660 (α)
499 1604 582 1643 fere
611 1602 662 1641 ad
694 1601 863 1642 verbum
899 1615 1079 1654 expressa
1107 1608 1189 1653 est,
1240 1601 1310 1641 sed
1346 1602 1512 1642 lacunae
1547 1602 1726 1656 expletae

401 1697 510 1731 sunt.
565 1688 826 1743 Exemplum,
867 1688 976 1742 quod
1013 1688 1129 1729 nobis
1157 1702 1202 1730 ex
1234 1688 1336 1728 bibl.
1367 1692 1462 1745 Reg.
1494 1692 1727 1731 Monacensi

401 1777 595 1818 utendum
632 1777 805 1831 benigne
841 1790 1069 1816 concessum
1109 1783 1218 1829 erat,
1278 1775 1374 1816 olim
1408 1777 1518 1816 Petri
1558 1776 1727 1816 Victorii

400 1866 531 1905 fuerat
545 1864 799 1918 elusdcmque
817 1865 895 1904 viri
912 1863 1127 1903 venerandi
1145 1877 1265 1903 manu
1281 1863 1491 1918 diligenter
1501 1870 1728 1903 tractatum.

401 1951 507 1990 Nam
536 1963 673 2003 margo
697 1950 782 1989 eius
815 1956 972 2003 praeter
1011 1949 1150 1988 brevia
1186 1948 1372 1988 lemmata
1414 1949 1465 1988 ad
1506 1948 1728 1989 notandum

400 2037 559 2077 dicendi
588 2050 706 2075 usum
738 2036 956 2090 spectantia
988 2035 1161 2074 duorum
1189 2035 1371 2075 codicum
1396 2036 1627 2077 varietatem
1656 2036 1729 2077 ad-

403 2125 593 2177 scriptam
621 2123 819 2172 continet‚
854 2120 1016 2161 alterius
1039 2120 1217 2159 eiusdem
1249 2123 1395 2161 vetusti
1426 2121 1518 2161 libri
1546 2125 1726 2165 Lauren-

401 2212 501 2251 tiani
529 2207 842 2262 Langobardicis
879 2206 1176 2247 characteribus
1208 2210 1443 2262 conscripti,
1489 2225 1608 2264 quem
1655 2226 1729 2252 nos

401 2296 689 2351 Lagomarsinii
713 2309 834 2348 opera
858 2301 1041 2333 accurate
1076 2296 1278 2347 cognitum
1308 2294 1503 2336 habemus
1527 2300 1577 2348 (v.
1607 2312 1728 2352 supra

400 2385 453 2425 ad
476 2383 557 2440 p):
588 2405 643 2415 —
667 2397 828 2437 prorsus
859 2383 964 2422 enim
998 2382 1167 2422 Victorii
1200 2382 1410 2436 descriptio
1437 2364 1549 2423 initio
1578 2385 1728 2425 oratio-

398 2474 460 2513 nis
490 2472 667 2526 apposita
692 2486 785 2511 cum
810 2471 876 2510 illa
902 2469 1098 2524 quadrat,
1132 2484 1251 2524 quam
1281 2484 1325 2509 ex
1359 2471 1554 2511 Bandinio
1582 2474 1726 2525 petivi-

400 2574 518 2613 mus,
558 2561 676 2602 modo
709 2567 794 2599 tum
838 2559 887 2598 ad
933 2559 1026 2598 Divi
1064 2559 1188 2598 Marci
1222 2557 1503 2599 bibliothecam
1546 2561 1726 2614 pertinu-

403 2649 500 2697 erit,
548 2650 616 2703 qui
661 2659 768 2688 nunc
818 2646 922 2685 inter
963 2643 1250 2688 Laurentianus
1295 2654 1505 2700 servatur3
1561 2654 1600 2687 et
1637 2648 1725 2702 ipsa
