1846 3178
605 132 716 173 PRO
746 130 795 174 A.
817 131 1117 173 CLUENTlo.
1527 158 1580 205 7,

151 255 296 307 video
327 273 427 309 esse
460 256 736 317 eiusmodi,
773 270 834 307 ut
866 257 1205 307 incursionem
1250 257 1418 325 potius
1463 258 1588 308 sedi-

151 338 323 397 tionis,
369 337 473 386 vim
505 337 879 394 multitudinis,
927 339 1175 407 impetum
1224 339 1585 399 tribunicium,

142 434 303 485 quam
329 418 583 468 iudicium
608 420 974 490 appellandum
996 432 1186 489 putem·
1255 420 1448 484 Quodsi
1472 423 1587 489 quis

145 498 281 549 illud
329 499 580 551 iudicium
621 504 872 571 appellet,
922 515 1092 552 tamen
1142 501 1237 550 hoc
1282 502 1586 567 confiteatur

116 589 339 634 §necesse
371 596 461 643 est,
504 585 650 633 nullo
686 583 835 634 modo
881 585 1023 634 illam
1068 585 1307 644 multam,
1353 602 1485 652 quae
1518 585 1584 633 ab

143 663 297 714 Iunio
343 664 503 735 petita
547 665 632 725 sit,
682 683 799 715 cum
841 665 1066 714 Cluentii
1115 683 1262 713 causa
1296 683 1433 733 posse
1468 683 1585 715 con-

140 747 302 817 iungi.
335 749 474 799 Illud
508 749 666 817 igitur
699 748 979 798 Iunianum
1013 765 1106 816 per
1140 748 1239 796 vim
1273 747 1465 796 factum
1488 759 1581 797 est:

138 831 292 881 Bulbi
325 845 376 882 et
409 833 594 902 Popilii
641 844 692 883 et
734 832 923 881 Guttae
956 843 1134 880 contra
1159 830 1455 880 Cluentium
1477 849 1583 880 non

138 924 236 962 est:
276 913 466 962 Staieni
509 913 663 963 etiam
706 931 801 981 pro
848 910 1084 962 Cluentio
1129 922 1213 960 est.
1278 910 1579 972 Videamus,

86 993 333 1061 meoquod
378 993 522 1043 aliud
570 993 849 1054 iudicium,
897 991 1039 1060 quod
1085 1010 1178 1061 pro
1213 992 1450 1044 Cluentio
1492 996 1579 1055 sit,

135 1077 367 1146 proferre
399 1076 657 1146 possimus-

263 1159 475 1208 Dixitne
521 1157 727 1208 tandem
760 1176 960 1207 causam
995 1158 1044 1206 C-
1082 1157 1435 1218 Fidiculanius
1467 1160 1578 1208 Fal-

129 1242 271 1302 cula,
306 1243 398 1310 qui
432 1243 782 1312 Oppianicum
815 1239 1203 1300 condemnarat,
1244 1259 1409 1309 quum
1434 1260 1578 1311 prae·

127 1324 315 1382 sertim,
350 1323 404 1372 id
424 1325 566 1392 quod
587 1324 690 1374 fuit
707 1325 763 1374 in
790 1324 879 1374 illo
903 1323 1094 1374 iudicio
1119 1323 1575 1385 invidiosissimum,

80 1413 316 1472 15paucos
367 1404 473 1454 dies
512 1422 572 1453 ex
628 1406 990 1454 subsortitione
1037 1404 1266 1453 sedisset?
1308 1406 1483 1466 Dixit,
1526 1421 1576 1458 et

47 1507 51 1511 ’
128 1486 207 1536 bis
238 1485 449 1554 quidem
483 1486 627 1536 dixit.
694 1491 755 1536 In
779 1505 1028 1536 summam
1046 1487 1184 1535 enim
1217 1489 1269 1535 L.
1300 1488 1577 1551 Quinctius

129 1568 375 1618 invidiam
408 1568 741 1618 concionibus
785 1585 905 1617 eum
947 1567 1288 1635 quotidianis,
1331 1571 1576 1623 seditiosis

124 1661 176 1700 et
210 1651 521 1701 turbulentis
567 1650 862 1699 adduxerat·
948 1652 1062 1698 Uno
1091 1649 1282 1699 iudicio
1306 1655 1468 1703 multa
1502 1668 1576 1705 est

122 1735 188 1784 ab
220 1753 278 1784 eo
313 1735 499 1805 petita,
533 1734 666 1784 sicut
701 1734 765 1782 ab
799 1735 978 1795 Iunio,
1023 1732 1163 1800 quod
1198 1752 1304 1783 non
1334 1753 1453 1784 suae
1488 1735 1571 1785 de-

69 1819 298 1868 2oeu=riae
342 1835 582 1876 munere,
643 1834 811 1884 neque
859 1835 918 1866 ex
965 1818 1070 1885 lege
1115 1816 1330 1866 sedisset.
1410 1820 1569 1868 Paulo

120 1899 366 1950 sedatiore
405 1913 631 1970 tempore
663 1913 736 1951 est
768 1913 1038 1958 accusatus,
1074 1919 1230 1967 quam
1254 1900 1447 1959 Iunius,
1481 1901 1568 1951 sed

119 1983 296 2034 eadem
342 1985 448 2033 fere
491 1985 598 2051 lege
643 1997 693 2034 et
725 1983 952 2033 crimine.
1020 1984 1156 2048 Quia
1202 1985 1346 2033 nulla
1391 1984 1448 2034 in
1489 1985 1566 2035 iu-

119 2065 256 2116 dicio
288 2065 468 2117 seditio
503 2084 670 2134 neque
702 2067 774 2116 vis
808 2085 901 2115 nec
938 2067 1089 2116 turba
1108 2080 1298 2116 versata
1333 2080 1421 2126 est,
1461 2070 1566 2136 pri-

119 2166 201 2198 ma
237 2149 437 2198 actione
484 2149 725 2199 facillime
758 2162 830 2198 est
862 2149 1132 2198 absolutus.
1199 2149 1313 2198 Non
1347 2168 1564 2200 numero

65 2231 252 2284 25hanc
283 2231 668 2283 absolutionem.
739 2231 1085 2282 Nihilominus
1120 2231 1259 2282 enim
1291 2245 1467 2302 potest,
1501 2245 1562 2283 ut

228 2379 266 2421 5.
298 2393 322 2419 a
352 2379 470 2420 Iunio
583 2379 651 2420 25.
681 2379 959 2434 neque'turba

207 2503 243 2540 3.
266 2503 330 2548 qui
359 2502 617 2551 ABdesgq⁸
667 2503 701 2540 5.
724 2502 769 2535 ab
795 2503 904 2537 ABG
949 2515 968 2537 a
992 2504 1064 2540 110
1117 2508 1149 2541 8.
1175 2505 1305 2550 Popilii
1331 2504 1557 2553 ABd'esgh

115 2557 166 2582 υε
188 2544 493 2596 Popilliilivulg.
542 2551 729 2584 GuctaeA.
777 2545 1558 2599 9.estom.desgkiklnoyd‘ecqa'clptr

118 2607 168 2629 ιο.
186 2596 323 2642 ecquod
360 2596 729 2644 ABcdefghnov.
829 2610 878 2633 ιι.
904 2608 1092 2643 possumus
1115 2600 1154 2635 A.
1231 2611 1279 2633 ια.
1307 2599 1556 2635 Fidiculanius

115 2642 145 2675 C
157 2642 206 2676 λν
221 2643 240 2681 ξ
262 2653 296 2677 et
318 2656 416 2693 seqq.
525 2645 759 2679 Fidiculanus
800 2643 1020 2691 ABcdefg
1035 2645 1059 2678 h
1078 2657 1103 2678 v
1115 2645 1293 2692 δεζηκμ
1326 2645 1388 2688 (de
1414 2649 1553 2684 Oxonn.

113 2699 187 2722 ηοη
206 2695 366 2732 constat)
475 2694 524 2726 15.
561 2698 643 2737 post
672 2702 803 2736 paucos
843 2692 920 2725 dies
945 2693 1083 2737 ικλμν
1198 2696 1249 2726 18.
1275 2694 1388 2728 multa
1414 2693 1448 2729 h.
1474 2695 1499 2730 l.
1528 2695 1557 2729 C

113 2747 240 2771 rursus
264 2735 399 2787 dffCi‘·
497 2740 551 2774 23.
579 2749 647 2774 uec
672 2737 778 2772 turba
803 2739 872 2774 AB
897 2750 1016 2785 neque
1042 2738 1148 2774 turba
1171 2741 1245 2775 Ro
