1846 3178
583 198 701 237 PRO·
724 196 775 236 A.
808 197 1114 237 CLUENTIO.
1507 206 1568 254 83

123 328 280 375 mm:
308 320 511 372 'iinon
553 319 704 371 modo
743 321 799 370 in
844 323 1087 372 Senatum
1134 320 1403 371 redierunt
1431 361 1445 381 ‚
1486 323 1573 372 sed

122 404 276 469 etim
332 401 542 452 illarum
598 403 826 472 ipsarum
881 422 1056 453 rerum
1111 403 1314 454 iudiciis
1355 405 1574 456 absoluti

119 495 276 536 nint..
337 485 606 534 Neminem
665 486 942 534 voluerunt
990 486 1202 535 maiores
1256 486 1414 535 nostri
1467 504 1575 537 non
1608 485 1671 534 43

122 565 277 618 modo
312 565 376 616 de
421 567 792 617 existimatione
836 568 1162 635 cuiusquam,
1203 567 1291 618 sed
1325 586 1389 617 ne
1423 584 1575 638 pecu-

103 648 302 701 finini-ia
336 648 548 716 quidem
582 649 644 698 de
680 666 736 698 re
781 649 995 698 minima
1039 667 1139 698 esse
1182 649 1428 710 iudicem,
1473 651 1573 700 nisi

122 731 218 800 qui
252 731 390 782 inter
422 731 727 782 adversarios
759 732 1083 781 convenisset.
1154 733 1484 802 Quapropter
1518 735 1577 784 in

124 814 369 869 omnibns
389 815 598 883 legibus,
634 815 824 883 quibus
858 827 1124 883 exceptum
1159 828 1253 874 est,
1291 815 1353 864 de
1386 816 1577 883 quibus

123 897 286 947 causis
315 910 410 947 aut
434 898 786 965 magistratum
819 914 998 965 capere
1033 915 1101 946 no
1174 899 1354 960 liceat‚³
1374 910 1466 948 aut
1499 899 1578 948 iu-

125 976 181 1027 di
298 1011 309 1031 ‚2
325 978 446 1046 legi,
482 991 574 1028 aut
620 980 839 1029 alterum
888 917 1147 1040 amusan&
1192 981 1316 1029 haec
1363 981 1581 1047 ignomi-

74 1061 214 1112 «onia
302 1075 307 1082 '
338 1079 424 1111 usa
458 1062 805 1130 praetermissa
842 1075 926 1111 est.
959 1063 1179 1112 Timoris
1199 1063 1338 1112 enim
1364 1081 1581 1122 causam,

123 1159 232 1195 non
264 1141 397 1192 vitae
432 1159 651 1210 poenam
686 1142 742 1191 in
778 1143 866 1192 illa
901 1156 1146 1212 potestate
1169 1163 1267 1195 esse
1293 1145 1581 1194 voluerunt.

123 1220 444 1292 Itaque-{non
485 1224 650 1273 solum
686 1224 818 1274 illud
865 1225 1148 1286 ostendam,
1197 1226 1338 1294 quod
1374 1227 1478 1277 iam
1513 1229 1584 1278 vi·
1621 1241 1692 1268 ¹21

122 1305 281 1362 detis,
316 1307 499 1375 populi
531 1308 748 1356 Romani
783 1307 1035 1374 suffragiis
1059 1322 1424 1376 saepenumero
1456 1309 1583 1376 Cen-

123 1388 289 1438 sorias
320 1388 716 1459 subscriptiones
758 1406 857 1438 esse
899 1388 1122 1438 sublatas
1146 1426 1158 1447 ,
1202 1405 1384 1438 verum
1426 1389 1583 1442 etiam

21 1469 332 1546 *15iudiciis
363 1487 568 1530 eorum,
614 1472 707 1539 qui
753 1472 910 1521 iurati
957 1483 1177 1521 statuere
1225 1473 1417 1522 maiore
1462 1492 1583 1524 cum

127 1554 374 1622 religione
398 1566 449 1603 et
470 1553 735 1621 diligentia
770 1554 1077 1604 debuerunt.
1112 1555 1346 1604 Primum
1373 1555 1579 1616 iudices,

123 1639 389 1689 Senatores
421 1637 718 1705 equitesque
753 1637 968 1686 Romani
1005 1638 1060 1686 in
1097 1638 1452 1706 compluribus
1479 1639 1584 1689 iam

128 1719 251 1779 reis,
284 1737 414 1787 quos
446 1730 623 1769 contra
659 1719 787 1786 leges
821 1720 1063 1787 pecunias
1098 1719 1343 1787 accepisse
1366 1721 1585 1770 subseri-

127 1814 279 1870 ptum
312 1814 405 1861 est,
442 1819 562 1852 suae
595 1802 765 1872 potius
811 1803 1074 1870 religioni,
1110 1821 1268 1870 quam
1302 1804 1585 1854 Censorum

70 1887 364 1956 zoopinioni
419 1900 719 1956 paruerunt.
823 1887 1023 1936 Deinde
1072 1891 1333 1936 Praetores
1377 1887 1581 1946 urbani,

125 1971 219 2040 qui
257 1971 414 2020 iurati
450 1971 640 2020 debent
671 1971 927 2040 optimum
962 1988 1222 2039 quemque
1252 1970 1482 2019 inlectos
1507 1971 1584 2019 iu·

124 2053 261 2104 dices
297 2053 501 2112 referre,
535 2071 822 2121 numquam
853 2053 951 2103 sibi
987 2053 1053 2102 ad
1091 2070 1205 2103 eam
1250 2071 1359 2102 rem
1402 2054 1583 2102 Censo-

244 2210 303 2235 12.
334 2195 488 2244 solum,
524 2195 698 2243 iudices,
727 2194 825 2234 illud
952 2194 1015 2247 14.
1046 2210 1128 2235 esse
1156 2195 1306 2237 deletas
1443 2214 1510 2239 21.
1541 2202 1583 2240 in

234 2252 402 2292 selectos

221 2387 251 2410 ι.
285 2375 312 2408 ii
360 2387 426 2409 om.
461 2376 672 2420 Hpraeter
706 2371 1078 2420 ΑΒηιρςαδεζλμ
1244 2387 1278 2412 2,
1319 2375 1464 2410 illarum
1507 2390 1580 2414 om.

122 2435 180 2503 ΞΡ
196 2431 307 2503 νεὲιι
322 2434 345 2455 α
361 2433 456 2510 ιςδζ
477 2424 654 2502 ipsarum3
677 2433 743 2453 om.
770 2433 788 2474 ιζ
903 2420 1036 2501 rei-urg}
1084 2422 1338 2500 pecuniaruitn.
1355 2425 1503 2502 nomitue
1529 2426 1582 2459 bc

151 2482 176 2504 ,ο
281 2482 315 2503 m
332 2481 389 2504 ov
659 2493 666 2500 .
693 2478 874 2500 nemmem
899 2480 966 2501 om.
1223 2479 1288 2502 nos
1303 2481 1338 2501 τι
1384 2480 1443 2503 ves
1464 2482 1493 2504 ri
1562 2484 1583 2506 ι·

123 2470 239 2550 αξξ
377 2529 426 2551 ιο.
452 2526 596 2550 causam
622 2526 693 2552 om,
722 2515 794 2548 AB
998 2527 1047 2548 ια.
1075 2515 1195 2548 solum
1221 2516 1315 2549 illud
1341 2469 1582 2566 LBamplr1w

122 2570 241 2604 ειιας
330 2564 447 2598 solnm
475 2564 615 2597 iudices
645 2562 739 2594 illud
763 2562 792 2594 R
817 2561 917 2606 vulg.
1013 2562 1106 2594 iliud
1138 2575 1204 2596 om.
1233 2563 1427 2608 ιἸῑὶογεη
1529 2573 1580 2611 14.

125 2610 406 2656 subscriptionis
427 2624 453 2658 p
573 2609 732 2643 sublatas
765 2609 841 2642 AB
875 2606 951 2641 cod.
985 2609 1108 2642 Lamb.
1223 2610 1362 2643 delatas
1400 2622 1581 2659 aprstu

124 2656 360 2693 <lemanno
505 2659 555 2691 ι8.
594 2657 774 2700 accepisse
809 2655 1156 2702 ΑΒηκλμνοπρ
1214 2659 1352 2701 cepisse
1387 2661 1581 2706 Βαβγδε

124 2704 272 2744 ζιξστ
433 2717 485 2749 ¹9·
513 2704 698 2738 censoriae
726 2712 774 2734 cce
934 2715 987 2738 πο.
1019 2709 1204 2747 praetores
1231 2709 1373 2738 tantum
1411 2708 1489 2740 urb.
1527 2718 1581 2742 αε

123 2763 182 2788 αι.
210 2753 249 2785 in
275 2751 385 2787 lectos
409 2750 479 2787 AB
527 2752 565 2784 in
590 2752 741 2785 selectos
766 2751 796 2784 R
813 2751 842 2782 0
1035 2763 1090 2784 α).
1115 2750 1188 2784 sibi
1214 2763 1410 2798 numquam
1435 2756 1511 2788 AB
