1846 3178
763 156 1002 198 cRch.
1497 185 1514 215 ,
1525 170 1588 232 47

192 296 194 300 ’
256 292 321 323 ἰ-ι.ι
347 283 391 323 ὺι
415 282 491 322 hac
515 269 762 336 diffieultate]
803 283 946 323 Nescio
982 281 1092 322 unde
1133 281 1398 324 deterioribus
1436 283 1589 325 codici-

143 351 363 397 bflss‘khffl
397 359 509 394 tanta
537 355 939 410 adhaeseritpquod
971 356 1011 394 in
1041 354 1230 394 omnibus
1258 354 1502 396 editionibus
1531 357 1590 397 le-

143 425 282 479 gitur}
308 425 466 466 *melius
500 434 610 467 certe
647 429 870 467 omittitur:
917 443 1010 467 nam
1043 427 1215 466 indicata
1260 426 1422 481 quidem
1445 457 1457 478 ,
1506 443 1588 468 non

141 493 343 553 desim-{pta
372 505 459 538 erat
485 497 699 539 difficultas
715 528 726 549 ,
755 513 862 552 quae
891 508 1044 555 quanta
1073 499 1137 547 sit,
1168 505 1306 553 postea
1333 499 1557 544 audiemus.

255 603 318 659 14.
345 620 500 646 omnem
526 604 839 660 dissolutionem]
876 605 1083 644 Immerito
1098 635 1109 655 ‚
1140 613 1185 644 ut
1214 611 1322 645 recte
1353 604 1453 643 vidit
1468 604 1591 645 Orel-

141 677 238 730 lius‚
264 677 468 733 Peyronio
496 679 693 731 scriptura
722 678 845 717 Taur.
877 679 1049 716 omnium
1077 677 1275 730 placebat.
1333 677 1492 716 Turbat
1521 677 1589 718 illa

139 763 280 790 veram
311 752 576 799 sententiam,
608 751 722 789 cuius
750 748 945 803 elegantia
977 750 1015 786 in
1045 762 1092 787 eo
1123 749 1295 787 vertitur
1314 778 1326 799 ,
1375 757 1421 788 ut
1453 749 1590 790 crimi-

139 834 240 874 num
264 822 396 860 omnis
425 820 603 861 defensio
631 820 683 860 ab
715 827 873 859 oratore
899 820 1138 872 exspectari,
1175 819 1349 858 invidiae
1377 820 1590 862 diluendae

133 906 234 949 par-5
246 895 368 934 etiam
382 909 407 934 a
424 894 603 934 iudicum
629 893 707 932 fide
729 892 880 946 sperari
895 905 1008 944 posse
1026 891 1195 930 dicatur.
1225 891 1304 930 Sed
1323 892 1450 931 eidem
1469 893 1588 933 huius

138 967 362 1006 sententiae
392 964 473 1005 luci
503 978 584 1003 non
612 965 744 1002 minus
772 961 932 1015 vulgata
963 961 1164 1000 distinctio
1184 960 1342 1013 offecit,
1386 977 1464 1016 qua
1497 971 1589 1016 post

136 1035 316 1076 verbum
333 1035 511 1091 potuerit
537 1033 655 1088 plene
686 1032 1071 1086 interpungebatur:
1104 1046 1199 1070 nam
1218 1032 1325 1071 illius
1343 1033 1590 1076 difficultatis

137 1105 357 1151 consolati0
385 1089 627 1158 non-magis
655 1106 696 1143 in
725 1118 772 1144 eo
800 1104 932 1158 posita
958 1107 1043 1154 est,
1083 1103 1193 1158 quod
1217 1106 1431 1144 criminum
1460 1107 1590 1148 disso-

136 1175 240 1227 lutio
269 1183 442 1231 patrono
469 1173 544 1215 soli
578 1175 809 1225 incumbat,
840 1188 962 1228 quam
996 1175 1038 1214 in
1069 1189 1142 1227 eo,
1167 1175 1276 1230 quod
1317 1177 1493 1219 invidiae
1519 1179 1592 1221 de-

133 1246 266 1288 fensio
296 1247 514 1298 maximam
542 1254 700 1301 partem
735 1247 770 1286 ei
797 1247 1037 1286 remittatur.

246 1341 299 1394 5,
333 1340 374 1393 4.
403 1342 488 1381 sine
513 1349 644 1381 vestro
675 1354 724 1380 ac
749 1340 832 1380 sine
865 1341 1006 1380 talium
1034 1342 1214 1380 virorum
1255 1341 1442 1397 subsidio]
1514 1344 1591 1384 Est

132 1413 297 1469 gravior
321 1411 523 1466 quaedam
551 1412 595 1451 in
622 1410 685 1450 his
715 1411 853 1451 verbis
889 1409 1118 1460 difficultas,
1147 1426 1270 1466 quam
1299 1427 1404 1466 quae
1430 1413 1590 1455 silentio

135 1485 483 1541 praetermittatur
499 1515 513 1536 ‚
568 1497 815 1537 quamquam
862 1484 1127 1537 interpretum
1169 1485 1370 1524 neminem
1425 1500 1588 1527 vexasse

141 1558 320 1602 videtur.
376 1557 482 1597 Num
510 1558 618 1597 enim
648 1557 746 1595 tales
778 1557 863 1595 viri
888 1570 913 1595 a
945 1556 1144 1595 iudicibus
1171 1557 1321 1596 diversi
1351 1565 1459 1610 sunt,
1487 1573 1589 1612 quos

133 1629 347 1685 compellat
380 1635 542 1668 orator:
591 1636 720 1667 vestro
754 1626 958 1666 subsidio?
1029 1626 1117 1666 Non
1163 1634 1281 1667 sunt:
1325 1643 1421 1668 nam
1461 1644 1588 1683 quum

132 1710 220 1743 tota
245 1717 310 1742 res
348 1715 372 1741 a
406 1700 586 1741 iudicum
615 1698 825 1739 voluntate
857 1698 1031 1751 pendeat
1053 1729 1065 1748 ‚
1097 1697 1187 1749 alii,
1216 1701 1303 1739 sive
1331 1707 1472 1751 testes,
1502 1703 1587 1741 sive

134 1773 337 1825 advocati,
353 1785 530 1827 quorum
554 1769 702 1810 auxilio
730 1769 882 1809 invidia
910 1768 1111 1822 pellatur,
1144 1784 1195 1808 ne
1222 1770 1389 1823 cogitari
1422 1773 1587 1826 quidem

92 1833 101 1840 ’
130 1852 332 1900 possuut3
379 1848 585 1899 praeterea
606 1873 617 1891 ‚
671 1842 782 1896 quod
817 1856 900 1881 non
929 1842 1062 1880 minus
1084 1856 1207 1895 grave
1251 1850 1329 1892 est,
1372 1846 1470 1884 tales
1504 1849 1589 1886 viri

132 1917 289 1959 solenni
315 1916 493 1972 quadam
518 1922 560 1956 et
593 1914 814 1955 honorifica
846 1912 1114 1967 appellatione
1141 1914 1328 1954 Ciceroni
1364 1918 1404 1955 iu
1434 1920 1584 1957 oratio·

131 1991 252 2032 nibus
280 1990 500 2031 iudiciariis
532 1988 683 2028 iudices
712 1987 902 2027 audiunt:
943 1971 1103 2040 sic‘pro
1138 1987 1302 2037 Quiuct.
1330 2003 1363 2031 c.
1404 1988 1464 2028 16.
1503 1988 1580 2031 53:

129 2073 173 2104 ut
207 2065 284 2104 hoc
309 2063 382 2102 tibi
405 2071 503 2101 esset
528 2061 639 2116 apud
662 2061 754 2099 talis
782 2061 890 2098 viros
917 2059 1192 2115 cotfitendum.
1224 2074 1261 2099 c.
1298 2058 1363 2103 26.
1394 2059 1442 2100 81
1465 2077 1475 2100 :
1512 2065 1584 2102 hoc

131 2136 337 2176 consilium
380 2134 564 2189 Aquillio
605 2140 644 2171 et
677 2131 819 2170 talibus
854 2131 954 2169 viris
986 2153 1035 2159 —
1060 2131 1331 2185 probabitur?
1362 2148 1436 2186 pro
1462 2134 1580 2175 Rosc.

131 2207 227 2252 Am.
271 2222 305 2249 e.
358 2221 421 2261 ¹9·
465 2206 544 2249 54:
578 2205 687 2243 lucius
708 2204 844 2242 miseri
860 2203 1043 2254 sbrttmz‘s
1072 2212 1110 2241 et
1139 2205 1280 2242 horum
1309 2206 1486 2244 virorum
1519 2216 1581 2245 ta-

128 2280 228 2320 lium
253 2279 443 2333 dignitati
460 2277 641 2317 illudere.
698 2275 792 2314 Div.
823 2275 864 2314 in
895 2274 1016 2313 Caec.
1045 2288 1080 2316 c.
1110 2274 1170 2314 16.
1201 2274 1276 2314 51:
1301 2290 1380 2315 non
1399 2292 1478 2316 esse
1507 2281 1581 2318 llos

128 2351 220 2390 talis
239 2351 350 2390 viros·
374 2349 660 2388 commissuros-
715 2346 852 2397 Quare
881 2332 1046 2384 moleste
1065 2344 1108 2388 h,
1129 2345 1159 2384 l.
1177 2345 1365 2399 copulam
1383 2363 1432 2387 ac.
1447 2350 1579 2390 intru-

128 2430 215 2463 sim
246 2422 437 2472 ferimus,
480 2433 585 2474 quae
616 2425 753 2472 aperte
790 2418 872 2457 duo
923 2417 1136 2457 hominum
1181 2432 1327 2471 genera
1367 2419 1577 2476 disiungit,

110 2508 302 2550 'quorum
329 2493 554 2534 subsidium
581 2490 852 2545 imploretur:
883 2489 1001 2530 nobis
1031 2489 1195 2543 quidem
1227 2505 1351 2544 prope
1395 2507 1576 2534 necessa-

126 2568 444 2616 rium-videtur,
486 2565 597 2620 quod
624 2579 668 2604 ex
697 2565 925 2603 coniectura
957 2562 1054 2602 dare
1083 2576 1165 2602 non
1191 2577 1329 2603 sumus
1358 2567 1465 2605 ausi:
1494 2569 1578 2607 sine

127 2649 280 2692 vestm,
326 2642 408 2680 siae
451 2639 589 2678 talium
627 2638 808 2677 virorum
841 2635 1036 2685 subsidi03
1064 2637 1121 2675 ita
1144 2643 1190 2675 ut
1221 2636 1349 2677 altero
1392 2638 1575 2679 membro

124 2726 209 2753 non
235 2725 385 2752 novum
413 2711 530 2767 quid,
557 2709 626 2750 sed
657 2709 761 2749 idem
793 2709 955 2763 gravius
982 2707 1225 2762 proferatur.
