1846 3178
293 195 382 243 188
837 193 1160 234 ADNOTATIO

395 310 436 353 5.
481 313 533 351 P.
583 313 748 352 Octavio
776 313 922 364 Balbo]
998 315 1113 357 Verr.
1154 315 1226 366 11,
1271 329 1332 354 12.
1364 314 1430 353 51.
1463 312 1510 351 L.
1542 309 1719 364 quidam‘

289 382 482 422 Octavius
523 381 670 422 Balbus
713 383 809 421 iuris
846 389 885 420 et
924 382 1040 422 officii
1078 385 1335 437 peritissimus
1363 388 1708 432 commemoratur,

287 467 405 506 quem
445 454 650 494 Ernestius
693 460 731 491 et
771 454 1011 492 Garatonius
1050 454 1219 493 eundem
1259 468 1350 493 cum
1387 461 1523 493 nostro
1561 450 1710 491 Publio

287 522 537 563 habuerunt:
568 526 655 562 iure
684 528 816 563 tamen
845 533 985 564 neuter
1015 532 1178 578 propter
1214 525 1401 564 incertam
1439 526 1705 578 suschIonem

285 608 523 648 praenomen
551 595 734 633 mutavit.

398 675 477 730 75,
508 691 571 719 20.
601 676 825 729 ignorantia
850 675 926 730 sai]
970 677 1132 732 Ubique
1164 678 1245 717 sere
1272 679 1376 716 inter
1403 677 1506 715 hanc
1535 675 1705 715 sormam

284 753 324 785 et
351 745 512 784 alteram
550 747 740 798 ignoratio
777 744 970 785 fluctuant
1010 744 1125 785 libri:
1158 761 1196 786 v.
1223 761 1256 788 c,
1286 747 1401 786 Fam.
1431 747 1496 796 ΙΙ,
1535 760 1576 800 9.
1619 746 1706 789 init.

284 819 530 870 ignoratione
572 832 703 857 rerum
743 819 916 858 omnium
932 848 942 865 ‚
996 818 1066 857 ubi
1093 819 1319 857 Gronovius
1349 816 1558 870 praetulit:
1593 817 1706 870 igno-

282 890 425 931 miztia.
483 888 610 931 Amic.
643 903 679 928 c.
717 902 779 942 ¹9·
804 898 970 943 propter
1000 890 1280 942 ignorationem
1308 888 1379 936 (al.
1417 888 1708 940 ignorantiam)

282 957 413 1010 stirpis
440 965 477 994 et
500 958 664 1009 generis.
734 958 966 1011 Ignorantia
997 961 1142 998 intacta
1170 965 1246 998 stat
1272 972 1344 1011 pro
1371 957 1506 997 Flacc.
1536 971 1605 996 20.
1626 955 1680 1008 46
1691 970 1710 996 2.

282 1028 350 1068 ubi
389 1028 490 1066 nihil
523 1037 678 1082 possent
713 1028 858 1067 discere
902 1030 980 1067 nisi
1021 1031 1282 1082 ignorantiam
1329 1029 1570 1068 litterarum:
1611 1040 1707 1067 nam

281 1097 378 1137 haec
404 1097 526 1137 verba
551 1099 748 1137 immerito
776 1101 818 1138 in
845 1089 1110 1152 suspicionem
1137 1106 1276 1138 vocata
1303 1100 1434 1138 firmat
1475 1097 1712 1138 scholiastes

279 1182 408 1221 nuper
443 1182 466 1207 a
495 1169 602 1209 Maio
628 1168 779 1221 publici
815 1171 913 1208 iuris
941 1170 1084 1209 factus.
1117 1184 1156 1222 p.
1183 1183 1249 1222 29.
1279 1169 1319 1207 Si
1353 1169 1459 1222 quod
1497 1170 1704 1222 utriusque

279 1239 429 1277 ibrmae
456 1238 662 1277 discrimen
691 1238 980 1277 admittendum
1009 1241 1076 1289 sit,
1102 1239 1209 1278 haud
1225 1239 1344 1278 dubie
1369 1240 1411 1278 in
1442 1254 1489 1278 eo
1509 1241 1700 1286 cernitur,

280 1309 387 1362 quod
434 1310 626 1361 ignoratio
669 1310 712 1348 in
758 1308 920 1362 singulis
956 1309 1073 1348 rebus
1111 1309 1217 1348 male
1257 1309 1467 1348 intellectis
1501 1317 1696 1360 versetur,

279 1379 499 1430 ignorantia
531 1378 693 1416 insitum
718 1378 838 1417 animi
867 1379 1010 1418 vitium
1037 1379 1258 1418 contineat:
1281 1379 1389 1432 quod
1416 1382 1544 1433 ipsum
1562 1387 1715 1422 nostro,

282 1448 371 1488 loco
403 1448 657 1502 conspicitur.

389 1544 438 1584 77
462 1558 474 1580 ‚
503 1529 545 1568 6.
574 1530 632 1569 ita
667 1531 795 1569 vivit:
842 1530 897 1570 sic
924 1529 1015 1569 dedi
1043 1544 1089 1570 ex
1114 1531 1231 1584 longe
1258 1531 1456 1585 plerisque
1483 1532 1600 1572 codd.
1628 1547 1706 1587 pro

276 1600 438 1654 vulgato
477 1602 602 1639 vivat:
637 1600 851 1640 indicativo
876 1608 968 1655 apte
1002 1602 1345 1656 respondet,quod
1372 1618 1464 1643 mox
1491 1605 1575 1644 sine
1619 1603 1703 1644 ulla

274 1673 464 1713 varietate
490 1672 668 1725 sequitur
690 1690 700 1714 z
729 1674 765 1711 si
788 1674 873 1727 quis
904 1695 951 1705 -
980 1674 1134 1713 nititur.

383 1753 436 1808 78
450 1783 462 1802 ,
499 1753 561 1803 14.
588 1753 746 1808 aliquid
755 1753 906 1808 fitis-se]
966 1755 1088 1804 Quod
1125 1754 1245 1809 vulgo
1285 1755 1446 1795 additur
1480 1771 1600 1811 neque
1629 1763 1702 1796 aut

273 1825 380 1879 quod
416 1824 467 1863 ad
511 1838 671 1864 sensum
710 1824 850 1864 melius
877 1832 952 1875 est,
981 1839 1092 1878 nego,
1123 1827 1233 1864 omni
1260 1829 1498 1866 auctoritate
1526 1827 1694 1866 destitu-

272 1903 360 1935 tum
398 1902 481 1934 est:
525 1894 662 1933 reduxi
698 1896 818 1948 igitur
857 1896 1068 1948 pristinam
1108 1898 1324 1936 sententiae
1356 1897 1526 1936 formam
1547 1928 1560 1950 ,
1594 1911 1698 1952 quae

275 1966 388 2007 nullo
416 1964 545 2005 fulcro
573 1972 670 2019 eget.

386 2063 447 2103 ¹7·
476 2046 680 2101 nitebatur]
708 2047 750 2087 h.
775 2048 804 2088 l.
834 2055 880 2087 ut
920 2049 1074 2101 saepius
1117 2050 1256 2102 optimi
1292 2051 1417 2090 nostri
1452 2051 1569 2090 codd.
1597 2065 1696 2091 con-

271 2119 433 2158 firmant
458 2121 694 2173 scripturam
720 2119 932 2172 Lambini,
954 2123 1026 2174 qui
1053 2115 1238 2174 persaepe
1265 2123 1385 2161 etiam
1426 2122 1495 2161 ubi
1537 2121 1694 2162 fontem

270 2189 448 2230 indicare
475 2190 718 2244 supersedit,
748 2190 943 2230 librorum
970 2193 1246 2230 auctoritatem
1272 2193 1467 2246 sequitur.
1522 2192 1578 2232 Et
1605 2206 1693 2232 om-

268 2260 366 2300 nino
408 2263 501 2301 satis
538 2269 671 2315 aperte
710 2261 859 2302 Accius
897 2263 1111 2301 iactaverat
1133 2262 1289 2302 iudiciis
1321 2264 1432 2303 factis
1462 2270 1693 2317 corruptum

269 2333 480 2386 Oppianici
518 2332 708 2372 iudicium
750 2347 833 2373 esse
878 2334 1133 2386 convictum,
1177 2341 1223 2374 ut
1247 2349 1328 2373 non
1356 2333 1486 2374 solum
1517 2332 1594 2374 illis
1617 2336 1695 2374 niti

267 2402 509 2443 videreta
521 2418 557 2443 r.
1370 2394 1373 2398 ι

375 2483 428 2525 80
443 2514 456 2537 ,
487 2499 527 2524 2.
554 2484 783 2540 maiestatis]
838 2485 1067 2525 Necessaria
1106 2486 1265 2526 videtur
1278 2516 1291 2538 ,
1328 2487 1360 2526 si
1400 2493 1506 2526 recte
1532 2494 1690 2527 senten-

267 2553 364 2593 tiam
390 2554 645 2608 perpenderis
665 2585 676 2602 ‚
713 2555 832 2593 huius
873 2555 1046 2594 nominis
1074 2557 1242 2595 accessio
1257 2584 1270 2607 ‚
1309 2569 1428 2608 quam
1456 2557 1615 2610 optimis
1639 2557 1691 2598 h·-

267 2625 351 2664 bris
378 2625 582 2669 debemus.
637 2626 742 2666 Nam
787 2628 826 2665 in
863 2641 908 2666 eo
935 2628 1068 2666 omnis
1100 2627 1387 2681 argumentatio
1425 2628 1608 2674 vertitur,
1639 2634 1688 2668 ut

269 2695 405 2736 eadem
432 2711 494 2737 res
513 2697 670 2739 diversa
686 2698 839 2738 ratione
862 2698 1023 2739 decerni
1047 2713 1159 2754 posse
1176 2699 1466 2741 demonstretur
1490 2700 1532 2741 in
1551 2698 1693 2743 litibus
