1846 3178
298 169 330 209 4
533 164 535 167 »
569 119 682 180 PRO
715 138 769 179 A.
793 136 1090 180 CLUENTIO.
1498 144 1552 190 ,3

171 298 175 301 Α
237 256 458 317 initium
490 281 564 332 qu
643 262 787 314 huic
820 283 938 314 cum
960 258 1126 318 matre'
1147 260 1303 314 fuerit
1326 261 1553 313 simulta-

112 339 199 426 ἡ,
246 345 466 396 Audistis.
533 349 574 395 P
653 347 840 396 iuuisse
883 346 981 396 hoc
1007 344 1092 394 'ad
1134 361 1363 401 causam,
1413 358 1550 405 tum,

109 429 276 498 'quum
301 429 500 496 reliqua
525 429 873 496 cognoveritis,
906 428 1208 495 intelligetis.
1267 427 1397 476 Nam
1421 427 1555 476 illud
1593 438 1638 478 ¹7

106 522 194 562 *me
243 529 350 561 non
400 511 675 579 praeterit,
731 509 1238 580 cuiuscunquemodi
1263 509 1330 559 sit
1369 521 1552 569 mater,

29 638 37 651 .
83 594 281 645 Stamen
306 593 363 642 in
389 591 581 642 iudicio
611 593 706 642 filii
742 593 805 642 de
839 591 1161 662 turpitudine
1193 592 1418 661 parentis
1451 589 1555 641 dici

108 675 192 725 v-ix
215 686 463 756 qportere.
520 676 633 724 Non
658 693 809 725 essem
833 675 898 724 acl
921 675 1082 723 ullam
1105 691 1306 723 causam
1328 673 1552 730 idoneus,

100 746 323 821 iudices,
367 757 408 805 si
441 756 562 817 hoc,
608 756 748 824 quod
794 756 851 805 in
892 756 1249 806 communibus
1283 756 1554 807 hominum

106 838 332 890 sensibus
365 851 517 905 atque
552 838 657 908 ipsa
693 850 879 887 natura
905 838 1128 907 positum
1154 851 1310 907 atque
1334 840 1552 890 infixum

106 933 203 981 est,
238 920 292 970 id
325 938 439 988 ego,
473 920 565 988 qui
596 918 661 968 ad
688 918 960 968 hominum
984 919 1212 988 pericula
1235 919 1552 972 defendenda

57 995 436 1070 madiungef'er,
483 1021 590 1052 non
630 1000 867 1051 viderem.
935 1002 1105 1052 Facile
1140 1002 1397 1071 intelligo,
1445 1024 1551 1055 non

83 1084 256 1137 »modo
275 1085 483 1135 reticere
501 1084 731 1145 homines
747 1096 1022 1153 parentum
1039 1082 1273 1142 iniurias,
1299 1083 1385 1132 sed
1400 1085 1555 1135 etiam

103 1167 276 1232 anigno
323 1185 486 1235 aequo
536 1167 668 1215 ferre
713 1179 961 1236 oportere.
1040 1165 1136 1216 Sed
1169 1183 1258 1233 ego
1294 1183 1374 1222 ea,
1421 1184 1553 1234 quae

46 1294 51 1300 .
102 1249 226 1299 ferri
259 1263 496 1324 possunt,
531 1247 765 1298 ferenda:
818 1266 949 1316 quae
986 1249 1168 1306 taceri,
1206 1248 1418 1298 tacenda
1452 1266 1552 1298 esse

103 1332 336 1382 arbitror.
402 1331 545 1381 Nihil
579 1332 636 1380 in
670 1331 772 1380 vita
805 1330 934 1399 vidit
962 1332 1260 1381 calamitatis
1285 1334 1343 1380 A.
1368 1332 1551 1381 Cluen-

53 1415 228 1475 15tius‚
275 1415 481 1464 nullum
523 1411 815 1482 periculum
848 1413 1026 1462 mortis
1058 1412 1209 1472 adiit,
1257 1412 1391 1462 nihil
1426 1415 1549 1463 mali

102 1495 302 1555 timuit,
338 1493 478 1565 quod
503 1510 609 1542 non
635 1506 800 1542 totum
829 1511 858 1541 a
882 1506 1043 1542 matre
1066 1510 1187 1544 esset
1206 1495 1485 1546 conflatum
1497 1509 1549 1547 et

57 1578 64 1591 '
99 1564 399 1646 profectuiii.
447 1575 592 1639 Quae
615 1575 712 1624 hoc
737 1587 962 1642 tempore
983 1575 1154 1626 sileret
1176 1578 1346 1626 omnia
1361 1617 1372 1637 ‚
1395 1592 1549 1646 atque

98 1676 178 1719 ea,
211 1659 252 1708 si
276 1658 530 1708 oblivione
554 1675 659 1706 non
682 1669 865 1726 posset,
894 1669 1063 1707 tamen
1088 1659 1436 1710 taciturnitate
1459 1679 1549 1712 sua

101 1754 230 1792 tecta
265 1759 364 1792 esse
398 1752 681 1810 pateretur:
715 1738 801 1789 sed
833 1756 950 1789 vero
985 1740 1055 1789 sic
1087 1741 1279 1808 agitur,
1318 1756 1379 1793 ut
1406 1748 1551 1814 p'ror-

153 1847 157 1852 ’
209 1854 251 1907 4.
278 1857 366 1908 cuir,
394 1855 662 1908 modicumque
691 1863 819 1894 mater
841 1857 892 1894 sit
1011 1854 1049 1894 8.
1080 1856 1122 1894 in
1151 1857 1236 1909 ipsa
1363 1873 1404 1913 9.
1423 1874 1549 1914 quum

209 1911 261 1974 ad
288 1869 427 2020 aff)
441 1925 526 1965 per.
558 1909 792 1964 depellenda
827 1909 1040 1950 adhiberer
1185 1926 1246 1967 ¹9·
1278 1913 1348 1953 sed
1379 1928 1426 1954 ea
1451 1929 1548 1956 vero

207 1980 263 2005 sic
294 1981 316 2005 a

191 2061 224 2090 α’,
237 2052 426 2087 audivistis
442 2056 496 2087 iw
511 2053 591 2087 αδε
604 2055 622 2094 ζ
635 2067 653 2096 ²1
668 2066 688 2086 κ
701 2055 817 2099 λμνξ
884 2053 983 2088 haud
1007 2054 1144 2087 iniuste
1170 2054 1325 2089 audistis
1339 2070 1362 2104 q
1411 2063 1474 2092 aut
1490 2058 1547 2092 in-

99 2100 238 2139 inutitie
264 2099 415 2134 audistis
441 2101 493 2134 bc
548 2106 624 2135 tum
654 2103 816 2148 ABaqs
898 2106 983 2134 tunc
1006 2102 1035 2135 R
1060 2102 1159 2146 vulg.
1307 2105 1339 2140 3,
1369 2104 1491 2151 aliqua
1520 2118 1545 2138 n

96 2147 130 2191 4.
182 2147 531 2193 cujuscunquemodi
566 2151 598 2182 A
618 2149 646 2181 B
666 2148 686 2182 k
707 2162 730 2195 q
768 2148 827 2184 Fr.
928 2148 1274 2195 cuiusmodicunque
1306 2151 1337 2184 R
1364 2152 1392 2184 Ο
1496 2156 1544 2185 sit

96 2198 212 2228 mater
235 2195 306 2229 AB
351 2200 462 2229 mater
487 2197 534 2229 sit
561 2196 630 2231 ΒΟ
767 2207 797 2239 7.
828 2195 966 2228 iudices
993 2207 1059 2231 om.
1086 2194 1275 2242 bcqiwa
1334 2197 1538 2246 hominum]

96 2242 258 2276 omnium
282 2241 411 2275 hmov
529 2244 561 2278 8.
590 2247 698 2286 atque
724 2243 800 2286 ipsa
828 2242 930 2275 ABa
977 2248 1088 2288 atque
1114 2242 1152 2275 in
1178 2244 1255 2287 ipsa
1280 2245 1353 2278 Ro
1398 2244 1542 2285 affixum

92 2300 120 2337 p
166 2289 363 2333 praefixum
387 2290 429 2337 q‘
461 2284 574 2322 fixum'
598 2290 738 2334 aiprs
753 2298 947 2327 εανναες
1083 2300 1117 2333 9.
1143 2291 1206 2334 qui
1232 2290 1539 2338 ABdesghkm

74 2327 335 2386 ‘noprstuv
359 2334 434 2369 cocl-
459 2336 577 2369 Lamb.
603 2335 652 2375 δζ
791 2347 902 2383 quum
927 2335 1078 2369 abclO
1098 2345 1246 2382 praeter
1270 2337 1324 2377 δζ
1394 2351 1457 2372 om.
1484 2341 1539 2374 iw

94 2380 281 2417 homiuum
307 2384 413 2422 ΑΒς
483 2384 642 2416 animum
670 2381 1035 2429 adefghprstuw
1096 2383 1210 2416 animi
1236 2385 1255 2417 h
1273 2396 1322 2432 cq
1380 2385 1542 2420 omnium

95 2425 220 2463 1¹ka
248 2463 252 2469 ,
291 2431 396 2463 amici
421 2430 512 2464 lvo
543 2438 692 2476 practer
716 2428 740 2462 δ’
806 2428 994 2462 hominum
1022 2429 1196 2476 pericula]
1228 2433 1347 2465 omnia
1373 2445 1428 2466 no
1476 2433 1541 2467 de-

93 2474 274 2511 fendenda
288 2478 348 2511 AB
395 2476 609 2522 depellenda
623 2478 685 2510 Ro
747 2487 798 2509 ιο.
814 2476 1141 2521 adiungererABb
1167 2479 1299 2521 [ροντ’]
1348 2479 1540 2514 adhiberer

94 2521 167 2556 ΗΟ
264 2536 296 2558 ιι
339 2524 459 2556 animo
486 2525 592 2557 ctiam
618 2524 647 2556 B
673 2526 747 2568 (pr,
774 2527 837 2566 m)
938 2535 987 2560 12.
1023 2534 1086 2568 ego
1114 2536 1178 2556 om.
1207 2525 1236 2556 B
1254 2528 1328 2570 (pr.
1365 2532 1428 2568 m)
1456 2528 1539 2575 bcq

98 2565 151 2614 147
175 2569 215 2603 Α.
238 2570 426 2604 Cluentius
451 2570 544 2603 vidit
570 2570 783 2603 calamitatis
811 2579 860 2602 αε
939 2571 987 2603 16.
1017 2571 1146 2618 totum]
1176 2575 1316 2604 tantum
1345 2585 1402 2606 no
1450 2586 1539 2619 pro-

93 2615 224 2649 fectum
238 2617 359 2663 ABsg
369 2617 418 2671 Ιε]
429 2630 461 2650 m
476 2630 528 2650 no
538 2630 563 2663 Ι)
573 2629 592 2650 r
602 2630 617 2648 s
629 2625 640 2649 ι
653 2630 675 2649 ιι
686 2629 710 2649 υ
732 2615 805 2685 ναξ.
819 2617 937 2650 Lamb.
953 2616 1081 2650 Dresd.
1097 2616 1142 2649 δε
1155 2618 1205 2656 ζκ
1218 2629 1236 2650 ο
1248 2630 1270 2650 71
1330 2631 1378 2663 ¹7·
1396 2622 1539 2664 perfec-

92 2663 274 2756 Ἢέξὶ
286 2663 374 2744 ‘elffii‘
389 2669 548 2745 ‘iffi-Ji?
561 2677 617 2748 323⁷
632 2666 659 2695 θ
674 2665 692 2696 ²
704 2676 794 2744 “Zeis
811 2673 865 2744 ἵζ’
879 2664 1090 2743 i-erfflssjd
1106 2667 1254 2756 ,ἶῖῗῖιὲιιῖ
1261 2666 1539 2752 Ιῖνύςεᾱῖἷῆιῖἶξ

90 2754 477 2803 Abdesgfilmnov
521 2757 597 2792 cod.
627 2758 719 2790 Mur.
751 2757 800 2797 δζ
877 2757 1019 2802 angitur
1043 2756 1063 2789 l.-
1133 2760 1205 2802 agit
1240 2759 1309 2793 ΒΟ
1332 2763 1399 2806 (pr.
1431 2741 1499 2802 5³5)

1588 1574 1635 1615 18
