<?xml version="1.0" encoding="UTF-8"?>
<!DOCTYPE html PUBLIC "-//W3C//DTD XHTML 1.0 Transitional//EN"
    "http://www.w3.org/TR/xhtml1/DTD/xhtml1-transitional.dtd">
<html xmlns="http://www.w3.org/1999/xhtml" xml:lang="en" lang="en">
 <head>
  <title>
</title>
<meta http-equiv="Content-Type" content="text/html;charset=utf-8" />
  <meta name='ocr-system' content='tesseract 3.04.00' />
  <meta name='ocr-capabilities' content='ocr_page ocr_carea ocr_par ocr_line ocrx_word'/>
</head>
<body>
  <div class='ocr_page' id='page_1' title='image "./procluentiolatin00ciceuoft/procluentiolatin00ciceuoft_0035.png"; bbox 0 0 1846 3178; ppageno 0'>
   <div class='ocr_carea' id='block_1_1' title="bbox 589 116 1566 198">
    <p class='ocr_par' dir='ltr' id='par_1_1' title="bbox 589 116 1566 198">
     <span class='ocr_line' id='line_1_1' title="bbox 589 116 1566 198; baseline -0.002 -27"><span class='ocrx_word' id='word_1_1' title='bbox 589 116 702 171; x_wconf 78' lang='lat' dir='ltr'><strong>PRO</strong></span> <span class='ocrx_word' id='word_1_2' title='bbox 733 130 788 171; x_wconf 68' lang='lat' dir='ltr'><strong>A.</strong></span> <span class='ocrx_word' id='word_1_3' title='bbox 819 127 1119 171; x_wconf 68' lang='lat' dir='ltr'><strong>cLUEero.</strong></span> <span class='ocrx_word' id='word_1_4' title='bbox 1541 145 1566 198; x_wconf 77' lang='lat'>7</span> 
     </span>
    </p>
   </div>
   <div class='ocr_carea' id='block_1_2' title="bbox 36 248 1575 2298">
    <p class='ocr_par' dir='ltr' id='par_1_2' title="bbox 36 248 1575 2298">
     <span class='ocr_line' id='line_1_2' title="bbox 79 248 1573 324; baseline -0.001 -19"><span class='ocrx_word' id='word_1_5' title='bbox 79 273 82 275; x_wconf 60' lang='grc'><strong><em>’</em></strong></span> <span class='ocrx_word' id='word_1_6' title='bbox 135 253 390 324; x_wconf 72' lang='lat' dir='ltr'><strong>telligntls,</strong></span> <span class='ocrx_word' id='word_1_7' title='bbox 425 248 558 303; x_wconf 88' lang='lat' dir='ltr'><strong>nihil</strong></span> <span class='ocrx_word' id='word_1_8' title='bbox 591 270 690 304; x_wconf 88' lang='lat' dir='ltr'><strong>esse</strong></span> <span class='ocrx_word' id='word_1_9' title='bbox 714 253 912 305; x_wconf 88' lang='lat' dir='ltr'><strong>homini</strong></span> <span class='ocrx_word' id='word_1_10' title='bbox 942 266 1045 306; x_wconf 83' lang='lat' dir='ltr'><strong>tam</strong></span> <span class='ocrx_word' id='word_1_11' title='bbox 1070 249 1382 311; x_wconf 86' lang='lat' dir='ltr'><strong>timendum,</strong></span> <span class='ocrx_word' id='word_1_12' title='bbox 1416 269 1573 320; x_wconf 84' lang='lat' dir='ltr'><strong>quam</strong></span> 
     </span>
     <span class='ocr_line' id='line_1_3' title="bbox 133 324 1574 407; baseline -0.005 -15"><span class='ocrx_word' id='word_1_13' title='bbox 133 324 397 401; x_wconf 61' lang='lat' dir='ltr'><strong>iffviiiiam5</strong></span> <span class='ocrx_word' id='word_1_14' title='bbox 441 336 576 387; x_wconf 83' lang='lat' dir='ltr'><strong>nihil</strong></span> <span class='ocrx_word' id='word_1_15' title='bbox 609 337 901 399; x_wconf 73' lang='lat' dir='ltr'><strong>innocenti,</strong></span> <span class='ocrx_word' id='word_1_16' title='bbox 944 349 1169 407; x_wconf 85' lang='lat' dir='ltr'><strong>suscepta</strong></span> <span class='ocrx_word' id='word_1_17' title='bbox 1202 332 1421 395; x_wconf 59' lang='lat' dir='ltr'><strong>invidia,</strong></span> <span class='ocrx_word' id='word_1_18' title='bbox 1471 347 1574 385; x_wconf 86' lang='lat' dir='ltr'><strong>tam</strong></span> 
     </span>
     <span class='ocr_line' id='line_1_4' title="bbox 129 415 1575 498; baseline -0.003 -26"><span class='ocrx_word' id='word_1_19' title='bbox 129 421 433 498; x_wconf 77' lang='lat' dir='ltr'><strong>optandum,</strong></span> <span class='ocrx_word' id='word_1_20' title='bbox 470 439 627 490; x_wconf 86' lang='lat' dir='ltr'><strong>quam</strong></span> <span class='ocrx_word' id='word_1_21' title='bbox 661 439 884 488; x_wconf 84' lang='lat' dir='ltr'><strong>aequum</strong></span> <span class='ocrx_word' id='word_1_22' title='bbox 917 420 1193 480; x_wconf 90' lang='lat' dir='ltr'><strong>iudicium,</strong></span> <span class='ocrx_word' id='word_1_23' title='bbox 1227 415 1370 487; x_wconf 86' lang='lat' dir='ltr'><strong>quod</strong></span> <span class='ocrx_word' id='word_1_24' title='bbox 1396 415 1453 465; x_wconf 88' lang='lat' dir='ltr'><strong>in</strong></span> <span class='ocrx_word' id='word_1_25' title='bbox 1476 415 1575 467; x_wconf 88' lang='lat' dir='ltr'><strong>hoc</strong></span> 
     </span>
     <span class='ocr_line' id='line_1_5' title="bbox 127 500 1574 572; baseline -0.006 -17"><span class='ocrx_word' id='word_1_26' title='bbox 127 521 235 555; x_wconf 87' lang='lat' dir='ltr'><strong>uno</strong></span> <span class='ocrx_word' id='word_1_27' title='bbox 268 504 492 567; x_wconf 79' lang='lat' dir='ltr'><strong>denique</strong></span> <span class='ocrx_word' id='word_1_28' title='bbox 514 504 666 554; x_wconf 87' lang='lat' dir='ltr'><strong>falsae</strong></span> <span class='ocrx_word' id='word_1_29' title='bbox 690 505 930 554; x_wconf 84' lang='lat' dir='ltr'><strong>infamiae</strong></span> <span class='ocrx_word' id='word_1_30' title='bbox 953 505 1068 554; x_wconf 87' lang='lat' dir='ltr'><strong>finis</strong></span> <span class='ocrx_word' id='word_1_31' title='bbox 1089 502 1274 572; x_wconf 85' lang='lat' dir='ltr'><strong>aliquis</strong></span> <span class='ocrx_word' id='word_1_32' title='bbox 1295 511 1449 568; x_wconf 83' lang='lat' dir='ltr'><strong>atque</strong></span> <span class='ocrx_word' id='word_1_33' title='bbox 1473 500 1574 548; x_wconf 86' lang='lat' dir='ltr'><strong>exi-</strong></span> 
     </span>
     <span class='ocr_line' id='line_1_6' title="bbox 101 585 1573 655; baseline -0.003 -19"><span class='ocrx_word' id='word_1_34' title='bbox 101 588 210 637; x_wconf 76' lang='lat' dir='ltr'><strong>5tus</strong></span> <span class='ocrx_word' id='word_1_35' title='bbox 226 585 524 655; x_wconf 82' lang='lat' dir='ltr'><strong>reperiatur.</strong></span> <span class='ocrx_word' id='word_1_36' title='bbox 593 586 939 652; x_wconf 86' lang='lat' dir='ltr'><strong>Quamobrem</strong></span> <span class='ocrx_word' id='word_1_37' title='bbox 964 603 1146 654; x_wconf 83' lang='lat' dir='ltr'><strong>magna</strong></span> <span class='ocrx_word' id='word_1_38' title='bbox 1173 601 1253 633; x_wconf 86' lang='lat' dir='ltr'><strong>me</strong></span> <span class='ocrx_word' id='word_1_39' title='bbox 1279 600 1387 654; x_wconf 88' lang='lat' dir='ltr'><strong>spes</strong></span> <span class='ocrx_word' id='word_1_40' title='bbox 1411 593 1573 640; x_wconf 86' lang='lat' dir='ltr'><strong>tenet,</strong></span> 
     </span>
     <span class='ocr_line' id='line_1_7' title="bbox 125 666 1573 738; baseline -0.002 -20"><span class='ocrx_word' id='word_1_41' title='bbox 125 667 181 728; x_wconf 81' lang='lat' dir='ltr'><strong>si,</strong></span> <span class='ocrx_word' id='word_1_42' title='bbox 213 686 345 736; x_wconf 79' lang='lat' dir='ltr'><strong>quae</strong></span> <span class='ocrx_word' id='word_1_43' title='bbox 376 682 497 720; x_wconf 90' lang='lat' dir='ltr'><strong>sunt</strong></span> <span class='ocrx_word' id='word_1_44' title='bbox 531 669 587 720; x_wconf 90' lang='lat' dir='ltr'><strong>in</strong></span> <span class='ocrx_word' id='word_1_45' title='bbox 621 689 789 730; x_wconf 88' lang='lat' dir='ltr'><strong>causa,</strong></span> <span class='ocrx_word' id='word_1_46' title='bbox 823 670 1075 738; x_wconf 80' lang='lat' dir='ltr'><strong>explicare</strong></span> <span class='ocrx_word' id='word_1_47' title='bbox 1106 680 1261 735; x_wconf 87' lang='lat' dir='ltr'><strong>atque</strong></span> <span class='ocrx_word' id='word_1_48' title='bbox 1294 667 1466 717; x_wconf 88' lang='lat' dir='ltr'><strong>omnia</strong></span> <span class='ocrx_word' id='word_1_49' title='bbox 1484 666 1573 716; x_wconf 84' lang='lat' dir='ltr'><strong>di·-</strong></span> 
     </span>
     <span class='ocr_line' id='line_1_8' title="bbox 125 749 1572 822; baseline 0.001 -23"><span class='ocrx_word' id='word_1_50' title='bbox 125 749 286 800; x_wconf 88' lang='lat' dir='ltr'><strong>cendo</strong></span> <span class='ocrx_word' id='word_1_51' title='bbox 320 753 559 820; x_wconf 85' lang='lat' dir='ltr'><strong>consequi</strong></span> <span class='ocrx_word' id='word_1_52' title='bbox 593 763 834 822; x_wconf 85' lang='lat' dir='ltr'><strong>potuero,</strong></span> <span class='ocrx_word' id='word_1_53' title='bbox 880 751 1022 798; x_wconf 87' lang='lat' dir='ltr'><strong>hunc</strong></span> <span class='ocrx_word' id='word_1_54' title='bbox 1065 750 1236 799; x_wconf 90' lang='lat' dir='ltr'><strong>locum</strong></span> <span class='ocrx_word' id='word_1_55' title='bbox 1268 766 1572 800; x_wconf 87' lang='lat' dir='ltr'><strong>consessum-</strong></span> 
     </span>
     <span class='ocr_line' id='line_1_9' title="bbox 123 831 1572 901; baseline 0 -20"><span class='ocrx_word' id='word_1_56' title='bbox 123 849 234 901; x_wconf 60' lang='lat' dir='ltr'><strong>que‘</strong></span> <span class='ocrx_word' id='word_1_57' title='bbox 259 845 509 894; x_wconf 82' lang='lat' dir='ltr'><strong>vestrum,</strong></span> <span class='ocrx_word' id='word_1_58' title='bbox 541 850 695 900; x_wconf 87' lang='lat' dir='ltr'><strong>quem</strong></span> <span class='ocrx_word' id='word_1_59' title='bbox 731 832 809 880; x_wconf 93' lang='lat' dir='ltr'><strong>illi</strong></span> <span class='ocrx_word' id='word_1_60' title='bbox 843 832 1147 882; x_wconf 83' lang='lat' dir='ltr'><strong>horribilem</strong></span> <span class='ocrx_word' id='word_1_61' title='bbox 1172 833 1228 881; x_wconf 93' lang='lat' dir='ltr'><strong>A.</strong></span> <span class='ocrx_word' id='word_1_62' title='bbox 1253 831 1490 881; x_wconf 90' lang='lat' dir='ltr'><strong>Cluentio</strong></span> <span class='ocrx_word' id='word_1_63' title='bbox 1513 850 1572 881; x_wconf 89' lang='lat' dir='ltr'><strong>ac</strong></span> 
     </span>
     <span class='ocr_line' id='line_1_10' title="bbox 124 911 1572 983; baseline -0.001 -19"><span class='ocrx_word' id='word_1_64' title='bbox 124 914 508 966; x_wconf 81' lang='lat' dir='ltr'><strong>formidolosum</strong></span> <span class='ocrx_word' id='word_1_65' title='bbox 541 915 649 964; x_wconf 87' lang='lat' dir='ltr'><strong>fore</strong></span> <span class='ocrx_word' id='word_1_66' title='bbox 681 925 1017 983; x_wconf 87' lang='lat' dir='ltr'><strong>putaverunt,</strong></span> <span class='ocrx_word' id='word_1_67' title='bbox 1060 929 1179 961; x_wconf 87' lang='lat' dir='ltr'><strong>eum</strong></span> <span class='ocrx_word' id='word_1_68' title='bbox 1225 911 1432 963; x_wconf 79' lang='lat' dir='ltr'><strong>tandem</strong></span> <span class='ocrx_word' id='word_1_69' title='bbox 1465 913 1572 963; x_wconf 85' lang='lat' dir='ltr'><strong>eius</strong></span> 
     </span>
     <span class='ocr_line' id='line_1_11' title="bbox 74 996 1571 1066; baseline 0 -20"><span class='ocrx_word' id='word_1_70' title='bbox 74 996 360 1047; x_wconf 80' lang='lat' dir='ltr'><strong>xofortunae</strong></span> <span class='ocrx_word' id='word_1_71' title='bbox 402 998 612 1048; x_wconf 85' lang='lat' dir='ltr'><strong>miserae</strong></span> <span class='ocrx_word' id='word_1_72' title='bbox 655 998 982 1065; x_wconf 88' lang='lat' dir='ltr'><strong>multumque</strong></span> <span class='ocrx_word' id='word_1_73' title='bbox 1027 997 1236 1046; x_wconf 87' lang='lat' dir='ltr'><strong>iactatae</strong></span> <span class='ocrx_word' id='word_1_74' title='bbox 1268 1008 1479 1066; x_wconf 87' lang='lat' dir='ltr'><strong>portum</strong></span> <span class='ocrx_word' id='word_1_75' title='bbox 1512 1014 1571 1046; x_wconf 91' lang='lat' dir='ltr'><strong>ac</strong></span> 
     </span>
     <span class='ocr_line' id='line_1_12' title="bbox 120 1076 1572 1148; baseline 0.003 -22"><span class='ocrx_word' id='word_1_76' title='bbox 120 1076 414 1147; x_wconf 85' lang='lat' dir='ltr'><strong>perfugium</strong></span> <span class='ocrx_word' id='word_1_77' title='bbox 435 1079 685 1129; x_wconf 85' lang='lat' dir='ltr'><strong>futurum.</strong></span> <span class='ocrx_word' id='word_1_78' title='bbox 741 1078 959 1128; x_wconf 85' lang='lat' dir='ltr'><strong>Tametsi</strong></span> <span class='ocrx_word' id='word_1_79' title='bbox 982 1078 1237 1147; x_wconf 86' lang='lat' dir='ltr'><strong>permulta</strong></span> <span class='ocrx_word' id='word_1_80' title='bbox 1259 1091 1404 1139; x_wconf 87' lang='lat' dir='ltr'><strong>sunt,</strong></span> <span class='ocrx_word' id='word_1_81' title='bbox 1439 1097 1572 1148; x_wconf 85' lang='lat' dir='ltr'><strong>quae</strong></span> 
     </span>
     <span class='ocr_line' id='line_1_13' title="bbox 119 1158 1572 1228; baseline 0.003 -20"><span class='ocrx_word' id='word_1_82' title='bbox 119 1158 274 1220; x_wconf 84' lang='lat' dir='ltr'><strong>mihi,</strong></span> <span class='ocrx_word' id='word_1_83' title='bbox 324 1173 601 1228; x_wconf 81' lang='lat' dir='ltr'><strong>antequam</strong></span> <span class='ocrx_word' id='word_1_84' title='bbox 635 1160 698 1210; x_wconf 88' lang='lat' dir='ltr'><strong>de</strong></span> <span class='ocrx_word' id='word_1_85' title='bbox 731 1179 884 1210; x_wconf 76' lang='lat' dir='ltr'><strong>causa</strong></span> <span class='ocrx_word' id='word_1_86' title='bbox 916 1160 1057 1220; x_wconf 82' lang='lat' dir='ltr'><strong>dico,</strong></span> <span class='ocrx_word' id='word_1_87' title='bbox 1105 1160 1168 1209; x_wconf 87' lang='lat' dir='ltr'><strong>de</strong></span> <span class='ocrx_word' id='word_1_88' title='bbox 1211 1163 1572 1214; x_wconf 87' lang='lat' dir='ltr'><strong>communibus</strong></span> 
     </span>
     <span class='ocr_line' id='line_1_14' title="bbox 119 1241 1570 1313; baseline 0.002 -22"><span class='ocrx_word' id='word_1_89' title='bbox 119 1241 340 1298; x_wconf 83' lang='lat' dir='ltr'><strong>invidiae</strong></span> <span class='ocrx_word' id='word_1_90' title='bbox 374 1243 615 1313; x_wconf 87' lang='lat' dir='ltr'><strong>periculis</strong></span> <span class='ocrx_word' id='word_1_91' title='bbox 648 1242 863 1293; x_wconf 82' lang='lat' dir='ltr'><strong>dicenda</strong></span> <span class='ocrx_word' id='word_1_92' title='bbox 896 1261 996 1294; x_wconf 90' lang='lat' dir='ltr'><strong>esse</strong></span> <span class='ocrx_word' id='word_1_93' title='bbox 1033 1241 1328 1302; x_wconf 84' lang='lat' dir='ltr'><strong>videantur,</strong></span> <span class='ocrx_word' id='word_1_94' title='bbox 1375 1256 1570 1305; x_wconf 80' lang='lat' dir='ltr'><strong>tamen,</strong></span> 
     </span>
     <span class='ocr_line' id='line_1_15' title="bbox 117 1323 1570 1393; baseline 0.001 -20"><span class='ocrx_word' id='word_1_95' title='bbox 117 1341 184 1373; x_wconf 87' lang='lat' dir='ltr'><strong>ne</strong></span> <span class='ocrx_word' id='word_1_96' title='bbox 217 1323 414 1376; x_wconf 86' lang='lat' dir='ltr'><strong>diutius</strong></span> <span class='ocrx_word' id='word_1_97' title='bbox 439 1324 670 1374; x_wconf 89' lang='lat' dir='ltr'><strong>oratione</strong></span> <span class='ocrx_word' id='word_1_98' title='bbox 693 1342 804 1373; x_wconf 88' lang='lat' dir='ltr'><strong>mea</strong></span> <span class='ocrx_word' id='word_1_99' title='bbox 827 1342 1061 1393; x_wconf 88' lang='lat' dir='ltr'><strong>suspensa</strong></span> <span class='ocrx_word' id='word_1_100' title='bbox 1084 1324 1387 1392; x_wconf 83' lang='lat' dir='ltr'><strong>exspectatio</strong></span> <span class='ocrx_word' id='word_1_101' title='bbox 1409 1337 1570 1376; x_wconf 80' lang='lat' dir='ltr'><strong>vestra</strong></span> 
     </span>
     <span class='ocr_line' id='line_1_16' title="bbox 67 1404 1571 1475; baseline 0.003 -21"><span class='ocrx_word' id='word_1_102' title='bbox 67 1407 378 1470; x_wconf 81' lang='lat' dir='ltr'><strong>¹5teneatur,</strong></span> <span class='ocrx_word' id='word_1_103' title='bbox 423 1405 688 1472; x_wconf 81' lang='lat' dir='ltr'><strong>aggrediar</strong></span> <span class='ocrx_word' id='word_1_104' title='bbox 734 1404 799 1453; x_wconf 88' lang='lat' dir='ltr'><strong>ad</strong></span> <span class='ocrx_word' id='word_1_105' title='bbox 832 1405 1027 1454; x_wconf 84' lang='lat' dir='ltr'><strong>crimen</strong></span> <span class='ocrx_word' id='word_1_106' title='bbox 1059 1423 1178 1454; x_wconf 90' lang='lat' dir='ltr'><strong>cum</strong></span> <span class='ocrx_word' id='word_1_107' title='bbox 1211 1406 1301 1454; x_wconf 88' lang='lat' dir='ltr'><strong>illa</strong></span> <span class='ocrx_word' id='word_1_108' title='bbox 1335 1405 1571 1475; x_wconf 85' lang='lat' dir='ltr'><strong>depreca-</strong></span> 
     </span>
     <span class='ocr_line' id='line_1_17' title="bbox 117 1486 1570 1554; baseline 0.001 -16"><span class='ocrx_word' id='word_1_109' title='bbox 117 1488 277 1549; x_wconf 89' lang='lat' dir='ltr'><strong>tione,</strong></span> <span class='ocrx_word' id='word_1_110' title='bbox 311 1486 528 1546; x_wconf 80' lang='lat' dir='ltr'><strong>iudices,</strong></span> <span class='ocrx_word' id='word_1_111' title='bbox 562 1506 664 1553; x_wconf 88' lang='lat' dir='ltr'><strong>qua</strong></span> <span class='ocrx_word' id='word_1_112' title='bbox 688 1486 818 1536; x_wconf 85' lang='lat' dir='ltr'><strong>mihi</strong></span> <span class='ocrx_word' id='word_1_113' title='bbox 844 1487 1042 1554; x_wconf 87' lang='lat' dir='ltr'><strong>saepius</strong></span> <span class='ocrx_word' id='word_1_114' title='bbox 1069 1487 1324 1538; x_wconf 87' lang='lat' dir='ltr'><strong>utendum</strong></span> <span class='ocrx_word' id='word_1_115' title='bbox 1356 1505 1458 1539; x_wconf 85' lang='lat' dir='ltr'><strong>esse</strong></span> <span class='ocrx_word' id='word_1_116' title='bbox 1491 1490 1570 1540; x_wconf 90' lang='lat' dir='ltr'><strong>in-</strong></span> 
     </span>
     <span class='ocr_line' id='line_1_18' title="bbox 114 1566 1567 1639; baseline 0.001 -20"><span class='ocrx_word' id='word_1_117' title='bbox 114 1568 310 1637; x_wconf 84' lang='lat' dir='ltr'><strong>telligo,</strong></span> <span class='ocrx_word' id='word_1_118' title='bbox 343 1569 415 1618; x_wconf 87' lang='lat' dir='ltr'><strong>sic</strong></span> <span class='ocrx_word' id='word_1_119' title='bbox 441 1579 502 1617; x_wconf 91' lang='lat' dir='ltr'><strong>ut</strong></span> <span class='ocrx_word' id='word_1_120' title='bbox 528 1584 608 1616; x_wconf 88' lang='lat' dir='ltr'><strong>me</strong></span> <span class='ocrx_word' id='word_1_121' title='bbox 630 1567 870 1629; x_wconf 78' lang='lat' dir='ltr'><strong>audiatis,</strong></span> <span class='ocrx_word' id='word_1_122' title='bbox 897 1567 1040 1634; x_wconf 86' lang='lat' dir='ltr'><strong>quasi</strong></span> <span class='ocrx_word' id='word_1_123' title='bbox 1067 1566 1165 1616; x_wconf 89' lang='lat' dir='ltr'><strong>hoc</strong></span> <span class='ocrx_word' id='word_1_124' title='bbox 1191 1580 1417 1639; x_wconf 86' lang='lat' dir='ltr'><strong>tempore</strong></span> <span class='ocrx_word' id='word_1_125' title='bbox 1442 1570 1567 1621; x_wconf 89' lang='lat' dir='ltr'><strong>haec</strong></span> 
     </span>
     <span class='ocr_line' id='line_1_19' title="bbox 113 1649 1562 1721; baseline 0.001 -19"><span class='ocrx_word' id='word_1_126' title='bbox 113 1669 262 1702; x_wconf 88' lang='lat' dir='ltr'><strong>causa</strong></span> <span class='ocrx_word' id='word_1_127' title='bbox 294 1651 522 1721; x_wconf 87' lang='lat' dir='ltr'><strong>primum</strong></span> <span class='ocrx_word' id='word_1_128' title='bbox 556 1650 784 1710; x_wconf 87' lang='lat' dir='ltr'><strong>dicatur,</strong></span> <span class='ocrx_word' id='word_1_129' title='bbox 830 1650 980 1700; x_wconf 88' lang='lat' dir='ltr'><strong>sicuti</strong></span> <span class='ocrx_word' id='word_1_130' title='bbox 1015 1649 1226 1713; x_wconf 82' lang='lat' dir='ltr'><strong>dicitur3</strong></span> <span class='ocrx_word' id='word_1_131' title='bbox 1277 1671 1384 1702; x_wconf 89' lang='lat' dir='ltr'><strong>non</strong></span> <span class='ocrx_word' id='word_1_132' title='bbox 1417 1655 1562 1721; x_wconf 86' lang='lat' dir='ltr'><strong>quasi</strong></span> 
     </span>
     <span class='ocr_line' id='line_1_20' title="bbox 111 1734 1560 1805; baseline 0.003 -21"><span class='ocrx_word' id='word_1_133' title='bbox 111 1751 257 1805; x_wconf 82' lang='lat' dir='ltr'><strong>saepe</strong></span> <span class='ocrx_word' id='word_1_134' title='bbox 283 1734 386 1784; x_wconf 89' lang='lat' dir='ltr'><strong>iam</strong></span> <span class='ocrx_word' id='word_1_135' title='bbox 412 1734 546 1784; x_wconf 82' lang='lat' dir='ltr'><strong>dicta</strong></span> <span class='ocrx_word' id='word_1_136' title='bbox 568 1748 618 1784; x_wconf 88' lang='lat' dir='ltr'><strong>et</strong></span> <span class='ocrx_word' id='word_1_137' title='bbox 643 1751 927 1803; x_wconf 86' lang='lat' dir='ltr'><strong>numquam</strong></span> <span class='ocrx_word' id='word_1_138' title='bbox 947 1734 1160 1802; x_wconf 83' lang='lat' dir='ltr'><strong>probata</strong></span> <span class='ocrx_word' id='word_1_139' title='bbox 1184 1735 1262 1786; x_wconf 84' lang='lat' dir='ltr'><strong>sit.</strong></span> <span class='ocrx_word' id='word_1_140' title='bbox 1298 1736 1560 1788; x_wconf 87' lang='lat' dir='ltr'><strong>Hodierno</strong></span> 
     </span>
     <span class='ocr_line' id='line_1_21' title="bbox 36 1814 1559 1887; baseline 0.002 -21"><span class='ocrx_word' id='word_1_141' title='bbox 36 1816 251 1866; x_wconf 30' lang='lat' dir='ltr'><strong>*2oe1flm</strong></span> <span class='ocrx_word' id='word_1_142' title='bbox 283 1814 367 1866; x_wconf 85' lang='lat' dir='ltr'><strong>die</strong></span> <span class='ocrx_word' id='word_1_143' title='bbox 398 1818 627 1887; x_wconf 82' lang='lat' dir='ltr'><strong>primum</strong></span> <span class='ocrx_word' id='word_1_144' title='bbox 659 1817 839 1866; x_wconf 86' lang='lat' dir='ltr'><strong>veteris</strong></span> <span class='ocrx_word' id='word_1_145' title='bbox 871 1817 1013 1867; x_wconf 88' lang='lat' dir='ltr'><strong>istius</strong></span> <span class='ocrx_word' id='word_1_146' title='bbox 1055 1817 1283 1867; x_wconf 88' lang='lat' dir='ltr'><strong>oriminis</strong></span> <span class='ocrx_word' id='word_1_147' title='bbox 1324 1817 1559 1869; x_wconf 87' lang='lat' dir='ltr'><strong>diluendi</strong></span> 
     </span>
     <span class='ocr_line' id='line_1_22' title="bbox 109 1897 1560 1970; baseline 0 -18"><span class='ocrx_word' id='word_1_148' title='bbox 109 1911 324 1968; x_wconf 66' lang='lat' dir='ltr'><strong>poeesms</strong></span> <span class='ocrx_word' id='word_1_149' title='bbox 365 1910 437 1948; x_wconf 90' lang='lat' dir='ltr'><strong>est</strong></span> <span class='ocrx_word' id='word_1_150' title='bbox 481 1897 622 1948; x_wconf 80' lang='lat' dir='ltr'><strong>data:</strong></span> <span class='ocrx_word' id='word_1_151' title='bbox 673 1913 791 1950; x_wconf 87' lang='lat' dir='ltr'><strong>ante</strong></span> <span class='ocrx_word' id='word_1_152' title='bbox 832 1900 930 1950; x_wconf 90' lang='lat' dir='ltr'><strong>hoc</strong></span> <span class='ocrx_word' id='word_1_153' title='bbox 965 1913 1163 1970; x_wconf 88' lang='lat' dir='ltr'><strong>tempus</strong></span> <span class='ocrx_word' id='word_1_154' title='bbox 1195 1919 1338 1951; x_wconf 87' lang='lat' dir='ltr'><strong>error</strong></span> <span class='ocrx_word' id='word_1_155' title='bbox 1372 1902 1429 1952; x_wconf 89' lang='lat' dir='ltr'><strong>in</strong></span> <span class='ocrx_word' id='word_1_156' title='bbox 1463 1900 1560 1952; x_wconf 86' lang='lat' dir='ltr'><strong>hac</strong></span> 
     </span>
     <span class='ocr_line' id='line_1_23' title="bbox 108 1979 1558 2047; baseline 0.003 -17"><span class='ocrx_word' id='word_1_157' title='bbox 108 1997 256 2030; x_wconf 86' lang='lat' dir='ltr'><strong>causa</strong></span> <span class='ocrx_word' id='word_1_158' title='bbox 292 1992 444 2047; x_wconf 88' lang='lat' dir='ltr'><strong>atque</strong></span> <span class='ocrx_word' id='word_1_159' title='bbox 473 1979 664 2029; x_wconf 85' lang='lat' dir='ltr'><strong>invidia</strong></span> <span class='ocrx_word' id='word_1_160' title='bbox 686 1993 877 2031; x_wconf 84' lang='lat' dir='ltr'><strong>versata</strong></span> <span class='ocrx_word' id='word_1_161' title='bbox 902 1993 986 2031; x_wconf 68' lang='lat' dir='ltr'><strong>est·</strong></span> <span class='ocrx_word' id='word_1_162' title='bbox 1055 1982 1403 2047; x_wconf 85' lang='lat' dir='ltr'><strong>Quamobrem</strong></span> <span class='ocrx_word' id='word_1_163' title='bbox 1430 1983 1558 2037; x_wconf 83' lang='lat' dir='ltr'><strong>dum.</strong></span> 
     </span>
     <span class='ocr_line' id='line_1_24' title="bbox 107 2064 1556 2132; baseline 0.004 -20"><span class='ocrx_word' id='word_1_164' title='bbox 107 2064 392 2132; x_wconf 43' lang='lat' dir='ltr'><strong>multorum</strong></span> <span class='ocrx_word' id='word_1_165' title='bbox 426 2080 683 2113; x_wconf 87' lang='lat' dir='ltr'><strong>annorum</strong></span> <span class='ocrx_word' id='word_1_166' title='bbox 714 2065 1020 2115; x_wconf 86' lang='lat' dir='ltr'><strong>accusationi</strong></span> <span class='ocrx_word' id='word_1_167' title='bbox 1055 2067 1277 2116; x_wconf 87' lang='lat' dir='ltr'><strong>breviter</strong></span> <span class='ocrx_word' id='word_1_168' title='bbox 1311 2067 1556 2118; x_wconf 87' lang='lat' dir='ltr'><strong>dilucide-</strong></span> 
     </span>
     <span class='ocr_line' id='line_1_25' title="bbox 109 2143 1554 2222; baseline 0.006 -30"><span class='ocrx_word' id='word_1_169' title='bbox 109 2159 212 2213; x_wconf 82' lang='lat' dir='ltr'><strong>que</strong></span> <span class='ocrx_word' id='word_1_170' title='bbox 245 2143 549 2215; x_wconf 56' lang='lat' dir='ltr'><strong>respondeo,</strong></span> <span class='ocrx_word' id='word_1_171' title='bbox 585 2163 790 2222; x_wconf 76' lang='lat' dir='ltr'><strong>quaeso,</strong></span> <span class='ocrx_word' id='word_1_172' title='bbox 826 2159 886 2197; x_wconf 92' lang='lat' dir='ltr'><strong>ut</strong></span> <span class='ocrx_word' id='word_1_173' title='bbox 920 2163 1019 2205; x_wconf 87' lang='lat' dir='ltr'><strong>me,</strong></span> <span class='ocrx_word' id='word_1_174' title='bbox 1056 2146 1272 2208; x_wconf 85' lang='lat' dir='ltr'><strong>iudices,</strong></span> <span class='ocrx_word' id='word_1_175' title='bbox 1320 2149 1452 2202; x_wconf 83' lang='lat' dir='ltr'><strong>sicut</strong></span> <span class='ocrx_word' id='word_1_176' title='bbox 1482 2150 1554 2200; x_wconf 82' lang='lat' dir='ltr'><strong>fa-</strong></span> 
     </span>
     <span class='ocr_line' id='line_1_26' title="bbox 56 2220 1409 2298; baseline 0.004 -21"><span class='ocrx_word' id='word_1_177' title='bbox 56 2234 223 2277; x_wconf 82' lang='lat' dir='ltr'><strong>25cere</strong></span> <span class='ocrx_word' id='word_1_178' title='bbox 255 2225 564 2283; x_wconf 87' lang='lat' dir='ltr'><strong>instituistis,</strong></span> <span class='ocrx_word' id='word_1_179' title='bbox 599 2220 817 2298; x_wconf 50' lang='lat' dir='ltr'><strong>benifi’ne</strong></span> <span class='ocrx_word' id='word_1_180' title='bbox 850 2240 1142 2298; x_wconf 87' lang='lat' dir='ltr'><strong>attenteque</strong></span> <span class='ocrx_word' id='word_1_181' title='bbox 1174 2229 1409 2282; x_wconf 61' lang='lat' dir='ltr'><strong>audiati&amp;</strong></span> 
     </span>
    </p>
   </div>
   <div class='ocr_carea' id='block_1_3' title="bbox 140 2335 912 2392">
    <p class='ocr_par' dir='ltr' id='par_1_3' title="bbox 140 2335 912 2392">
     <span class='ocr_line' id='line_1_27' title="bbox 140 2335 912 2392; baseline 0.004 -16"><span class='ocrx_word' id='word_1_182' title='bbox 140 2352 142 2354; x_wconf 92' lang='lat'>·</span> <span class='ocrx_word' id='word_1_183' title='bbox 216 2335 258 2381; x_wconf 88' lang='grc'><strong>6.</strong></span> <span class='ocrx_word' id='word_1_184' title='bbox 284 2338 317 2377; x_wconf 88' lang='lat' dir='ltr'><strong>si</strong></span> <span class='ocrx_word' id='word_1_185' title='bbox 349 2351 396 2378; x_wconf 89' lang='lat' dir='ltr'><strong>ea</strong></span> <span class='ocrx_word' id='word_1_186' title='bbox 426 2352 530 2392; x_wconf 87' lang='lat' dir='ltr'><strong>quae</strong></span> <span class='ocrx_word' id='word_1_187' title='bbox 647 2353 710 2378; x_wconf 85' lang='lat'><strong>12.</strong></span> <span class='ocrx_word' id='word_1_188' title='bbox 746 2338 874 2379; x_wconf 84' lang='lat' dir='ltr'><strong>dicam</strong></span> <span class='ocrx_word' id='word_1_189' title='bbox 906 2345 912 2349; x_wconf 82' lang='grc'><strong><em>’</em></strong></span> 
     </span>
    </p>
   </div>
   <div class='ocr_carea' id='block_1_4' title="bbox 103 2424 1551 2802">
    <p class='ocr_par' dir='ltr' id='par_1_4' title="bbox 103 2424 1551 2802">
     <span class='ocr_line' id='line_1_28' title="bbox 201 2424 1550 2476; baseline 0.001 -16"><span class='ocrx_word' id='word_1_190' title='bbox 201 2425 235 2460; x_wconf 82' lang='grc'><strong>3.</strong></span> <span class='ocrx_word' id='word_1_191' title='bbox 262 2424 437 2460; x_wconf 84' lang='lat' dir='ltr'><strong>iudicium</strong></span> <span class='ocrx_word' id='word_1_192' title='bbox 456 2425 525 2460; x_wconf 62' lang='lat' dir='ltr'><strong>hl.</strong></span> <span class='ocrx_word' id='word_1_193' title='bbox 557 2425 683 2476; x_wconf 78' lang='lat' dir='ltr'><strong>deficit</strong></span> <span class='ocrx_word' id='word_1_194' title='bbox 710 2426 738 2461; x_wconf 90' lang='lat' dir='ltr'><strong><em>C</em></strong></span> <span class='ocrx_word' id='word_1_195' title='bbox 831 2427 861 2472; x_wconf 76' lang='grc'><strong>4.</strong></span> <span class='ocrx_word' id='word_1_196' title='bbox 888 2438 960 2462; x_wconf 87' lang='lat' dir='ltr'><strong>uno</strong></span> <span class='ocrx_word' id='word_1_197' title='bbox 987 2440 1052 2462; x_wconf 87' lang='lat' dir='ltr'><strong>om.</strong></span> <span class='ocrx_word' id='word_1_198' title='bbox 1069 2430 1159 2470; x_wconf 74' lang='grc' dir='ltr'><strong>ανξ</strong></span> <span class='ocrx_word' id='word_1_199' title='bbox 1206 2429 1319 2475; x_wconf 77' lang='lat' dir='ltr'><strong>aliqui</strong></span> <span class='ocrx_word' id='word_1_200' title='bbox 1340 2429 1402 2475; x_wconf 82' lang='lat' dir='ltr'><strong>Bp</strong></span> <span class='ocrx_word' id='word_1_201' title='bbox 1517 2426 1550 2462; x_wconf 87' lang='lat'><strong>5.</strong></span> 
     </span>
     <span class='ocr_line' id='line_1_29' title="bbox 108 2471 1550 2522; baseline 0.001 -16"><span class='ocrx_word' id='word_1_202' title='bbox 108 2471 228 2512; x_wconf 56' lang='lat' dir='ltr'><strong>tenuit</strong></span> <span class='ocrx_word' id='word_1_203' title='bbox 251 2483 275 2506; x_wconf 82' lang='lat' dir='ltr'><strong>a</strong></span> <span class='ocrx_word' id='word_1_204' title='bbox 389 2475 421 2508; x_wconf 88' lang='grc'><strong>6.</strong></span> <span class='ocrx_word' id='word_1_205' title='bbox 448 2473 479 2506; x_wconf 87' lang='lat' dir='ltr'><strong>si</strong></span> <span class='ocrx_word' id='word_1_206' title='bbox 503 2485 594 2520; x_wconf 89' lang='lat' dir='ltr'><strong>quae</strong></span> <span class='ocrx_word' id='word_1_207' title='bbox 618 2475 688 2509; x_wconf 83' lang='lat' dir='ltr'><strong>AB</strong></span> <span class='ocrx_word' id='word_1_208' title='bbox 747 2474 776 2507; x_wconf 87' lang='lat' dir='ltr'><strong>si</strong></span> <span class='ocrx_word' id='word_1_209' title='bbox 803 2485 845 2508; x_wconf 82' lang='lat' dir='ltr'><strong>ea</strong></span> <span class='ocrx_word' id='word_1_210' title='bbox 869 2486 960 2522; x_wconf 82' lang='lat' dir='ltr'><strong>quae</strong></span> <span class='ocrx_word' id='word_1_211' title='bbox 983 2477 1056 2511; x_wconf 76' lang='lat' dir='ltr'><strong>Ro</strong></span> <span class='ocrx_word' id='word_1_212' title='bbox 1174 2488 1207 2522; x_wconf 89' lang='lat'><strong>7.</strong></span> <span class='ocrx_word' id='word_1_213' title='bbox 1233 2482 1359 2520; x_wconf 83' lang='lat' dir='ltr'><strong>potero</strong></span> <span class='ocrx_word' id='word_1_214' title='bbox 1383 2486 1408 2507; x_wconf 83' lang='grc' dir='ltr'><strong><em>α</em></strong></span> <span class='ocrx_word' id='word_1_215' title='bbox 1515 2475 1550 2510; x_wconf 88' lang='grc'><strong>8.</strong></span> 
     </span>
     <span class='ocr_line' id='line_1_30' title="bbox 136 2513 1549 2567; baseline 0.003 -15"><span class='ocrx_word' id='word_1_216' title='bbox 136 2513 145 2564; x_wconf 12' lang='lat'><strong>&#39;¹</strong></span> <span class='ocrx_word' id='word_1_217' title='bbox 189 2523 299 2567; x_wconf 81' lang='lat' dir='ltr'><strong>atque</strong></span> <span class='ocrx_word' id='word_1_218' title='bbox 322 2520 352 2553; x_wconf 91' lang='lat' dir='ltr'><strong><em>B</em></strong></span> <span class='ocrx_word' id='word_1_219' title='bbox 375 2524 412 2554; x_wconf 85' lang='lat' dir='ltr'><strong>et</strong></span> <span class='ocrx_word' id='word_1_220' title='bbox 439 2529 490 2553; x_wconf 76' lang='grc' dir='ltr'><strong>αε</strong></span> <span class='ocrx_word' id='word_1_221' title='bbox 611 2533 644 2566; x_wconf 84' lang='grc'><strong>9.</strong></span> <span class='ocrx_word' id='word_1_222' title='bbox 678 2519 768 2567; x_wconf 75' lang='lat' dir='ltr'><strong>soro]</strong></span> <span class='ocrx_word' id='word_1_223' title='bbox 795 2532 871 2554; x_wconf 84' lang='lat' dir='ltr'><strong>esse</strong></span> <span class='ocrx_word' id='word_1_224' title='bbox 895 2533 918 2554; x_wconf 81' lang='grc' dir='ltr'><em>α</em></span> <span class='ocrx_word' id='word_1_225' title='bbox 1026 2533 1074 2557; x_wconf 88' lang='grc' dir='ltr'><strong>ιι.</strong></span> <span class='ocrx_word' id='word_1_226' title='bbox 1100 2523 1261 2556; x_wconf 78' lang='lat' dir='ltr'><strong>futurum</strong></span> <span class='ocrx_word' id='word_1_227' title='bbox 1286 2535 1351 2560; x_wconf 80' lang='lat' dir='ltr'><strong>om,</strong></span> <span class='ocrx_word' id='word_1_228' title='bbox 1376 2532 1400 2554; x_wconf 78' lang='grc' dir='ltr'><strong><em>α</em></strong></span> <span class='ocrx_word' id='word_1_229' title='bbox 1498 2531 1549 2556; x_wconf 78' lang='lat'><strong>12.</strong></span> 
     </span>
     <span class='ocr_line' id='line_1_31' title="bbox 108 2563 1550 2617; baseline 0.003 -19"><span class='ocrx_word' id='word_1_230' title='bbox 108 2563 154 2598; x_wconf 82' lang='lat' dir='ltr'><strong>de</strong></span> <span class='ocrx_word' id='word_1_231' title='bbox 178 2574 282 2600; x_wconf 80' lang='lat' dir='ltr'><strong>causa</strong></span> <span class='ocrx_word' id='word_1_232' title='bbox 305 2577 370 2600; x_wconf 89' lang='lat' dir='ltr'><strong>om.</strong></span> <span class='ocrx_word' id='word_1_233' title='bbox 390 2566 530 2615; x_wconf 83' lang='lat' dir='ltr'><strong>abciq</strong></span> <span class='ocrx_word' id='word_1_234' title='bbox 551 2579 608 2608; x_wconf 85' lang='grc' dir='ltr'><strong>ας</strong></span> <span class='ocrx_word' id='word_1_235' title='bbox 654 2567 736 2602; x_wconf 86' lang='lat' dir='ltr'><strong>dico</strong></span> <span class='ocrx_word' id='word_1_236' title='bbox 763 2567 894 2603; x_wconf 84' lang='lat' dir='ltr'><strong>ABde</strong></span> <span class='ocrx_word' id='word_1_237' title='bbox 909 2567 1385 2617; x_wconf 62' lang='lat' dir='ltr'><strong>fghklrtoprstzcvdc</strong></span> <span class='ocrx_word' id='word_1_238' title='bbox 1431 2566 1550 2602; x_wconf 86' lang='lat' dir='ltr'><strong>dicam</strong></span> 
     </span>
     <span class='ocr_line' id='line_1_32' title="bbox 106 2607 1551 2661; baseline 0.003 -16"><span class='ocrx_word' id='word_1_239' title='bbox 106 2610 308 2661; x_wconf 81' lang='lat' dir='ltr'><strong>abcmqw</strong></span> <span class='ocrx_word' id='word_1_240' title='bbox 329 2614 577 2661; x_wconf 78' lang='grc' dir='ltr'><strong><em>αεικλμνξ</em></strong></span> <span class='ocrx_word' id='word_1_241' title='bbox 602 2616 704 2661; x_wconf 80' lang='lat' dir='ltr'><em>vulg.</em></span> <span class='ocrx_word' id='word_1_242' title='bbox 748 2615 860 2650; x_wconf 86' lang='lat' dir='ltr'><strong>dicam</strong></span> <span class='ocrx_word' id='word_1_243' title='bbox 885 2607 966 2650; x_wconf 81' lang='lat' dir='ltr'><strong>dico</strong></span> <span class='ocrx_word' id='word_1_244' title='bbox 989 2617 1004 2649; x_wconf 84' lang='grc' dir='ltr'><strong>ι’</strong></span> <span class='ocrx_word' id='word_1_245' title='bbox 1102 2618 1152 2651; x_wconf 85' lang='grc'><strong>15.</strong></span> <span class='ocrx_word' id='word_1_246' title='bbox 1187 2617 1232 2649; x_wconf 85' lang='lat' dir='ltr'><strong>ad</strong></span> <span class='ocrx_word' id='word_1_247' title='bbox 1257 2618 1388 2650; x_wconf 83' lang='lat' dir='ltr'><strong>crimen</strong></span> <span class='ocrx_word' id='word_1_248' title='bbox 1419 2627 1485 2650; x_wconf 86' lang='lat' dir='ltr'><strong>om.</strong></span> <span class='ocrx_word' id='word_1_249' title='bbox 1523 2626 1551 2649; x_wconf 85' lang='lat' dir='ltr'><strong>n</strong></span> 
     </span>
     <span class='ocr_line' id='line_1_33' title="bbox 111 2659 1549 2711; baseline 0.003 -20"><span class='ocrx_word' id='word_1_250' title='bbox 111 2659 162 2692; x_wconf 77' lang='lat'><strong>16.</strong></span> <span class='ocrx_word' id='word_1_251' title='bbox 188 2661 272 2707; x_wconf 69' lang='lat' dir='ltr'><strong>qual</strong></span> <span class='ocrx_word' id='word_1_252' title='bbox 294 2660 390 2707; x_wconf 86' lang='lat' dir='ltr'><strong>quod</strong></span> <span class='ocrx_word' id='word_1_253' title='bbox 405 2673 430 2694; x_wconf 86' lang='lat' dir='ltr'><strong>n</strong></span> <span class='ocrx_word' id='word_1_254' title='bbox 494 2671 550 2707; x_wconf 59' lang='lat'><strong>57.</strong></span> <span class='ocrx_word' id='word_1_255' title='bbox 566 2663 618 2695; x_wconf 77' lang='lat' dir='ltr'><strong>sic</strong></span> <span class='ocrx_word' id='word_1_256' title='bbox 634 2674 699 2699; x_wconf 90' lang='lat' dir='ltr'><strong>om.</strong></span> <span class='ocrx_word' id='word_1_257' title='bbox 720 2673 742 2695; x_wconf 80' lang='grc' dir='ltr'><em>κ</em></span> <span class='ocrx_word' id='word_1_258' title='bbox 887 2666 938 2701; x_wconf 85' lang='grc'><strong>18.</strong></span> <span class='ocrx_word' id='word_1_259' title='bbox 965 2662 1112 2711; x_wconf 86' lang='lat' dir='ltr'><strong>dicitur]</strong></span> <span class='ocrx_word' id='word_1_260' title='bbox 1139 2663 1278 2697; x_wconf 84' lang='lat' dir='ltr'><strong>dicatur</strong></span> <span class='ocrx_word' id='word_1_261' title='bbox 1300 2664 1367 2698; x_wconf 87' lang='lat' dir='ltr'><strong>AB</strong></span> <span class='ocrx_word' id='word_1_262' title='bbox 1490 2673 1549 2696; x_wconf 81' lang='lat'><strong>20.</strong></span> 
     </span>
     <span class='ocr_line' id='line_1_34' title="bbox 105 2706 1549 2758; baseline 0.005 -21"><span class='ocrx_word' id='word_1_263' title='bbox 105 2706 221 2749; x_wconf 80' lang='lat' dir='ltr'><strong>ipsius</strong></span> <span class='ocrx_word' id='word_1_264' title='bbox 236 2707 303 2741; x_wconf 80' lang='lat' dir='ltr'><strong>AB</strong></span> <span class='ocrx_word' id='word_1_265' title='bbox 350 2708 403 2742; x_wconf 84' lang='lat'><strong>23.</strong></span> <span class='ocrx_word' id='word_1_266' title='bbox 430 2709 665 2758; x_wconf 80' lang='lat' dir='ltr'><strong>accusationi]</strong></span> <span class='ocrx_word' id='word_1_267' title='bbox 695 2710 830 2745; x_wconf 81' lang='lat' dir='ltr'><strong>actioni</strong></span> <span class='ocrx_word' id='word_1_268' title='bbox 855 2721 879 2744; x_wconf 89' lang='grc' dir='ltr'><strong>α</strong></span> <span class='ocrx_word' id='word_1_269' title='bbox 1024 2710 1079 2755; x_wconf 73' lang='lat'><strong>24.</strong></span> <span class='ocrx_word' id='word_1_270' title='bbox 1105 2711 1199 2744; x_wconf 79' lang='lat' dir='ltr'><strong>sicut</strong></span> <span class='ocrx_word' id='word_1_271' title='bbox 1224 2709 1293 2746; x_wconf 78' lang='lat' dir='ltr'><strong>AB</strong></span> <span class='ocrx_word' id='word_1_272' title='bbox 1348 2709 1455 2745; x_wconf 78' lang='lat' dir='ltr'><strong>sicuti</strong></span> <span class='ocrx_word' id='word_1_273' title='bbox 1479 2709 1549 2744; x_wconf 77' lang='lat' dir='ltr'><strong>Ro</strong></span> 
     </span>
     <span class='ocr_line' id='line_1_35' title="bbox 103 2752 594 2802; baseline 0.002 -15"><span class='ocrx_word' id='word_1_274' title='bbox 103 2753 159 2787; x_wconf 79' lang='lat'><strong>25.</strong></span> <span class='ocrx_word' id='word_1_275' title='bbox 185 2752 354 2802; x_wconf 77' lang='lat' dir='ltr'><strong>audiatis]</strong></span> <span class='ocrx_word' id='word_1_276' title='bbox 385 2754 546 2792; x_wconf 80' lang='lat' dir='ltr'><strong>advocati</strong></span> <span class='ocrx_word' id='word_1_277' title='bbox 571 2766 594 2789; x_wconf 86' lang='lat' dir='ltr'><strong>n</strong></span> 
     </span>
    </p>
   </div>
   <div class='ocr_carea' id='block_1_5' title="bbox 1606 1078 1634 1121">
    <p class='ocr_par' dir='ltr' id='par_1_5' title="bbox 1606 1078 1634 1121">
     <span class='ocr_line' id='line_1_36' title="bbox 1606 1078 1634 1121; baseline 0 0"><span class='ocrx_word' id='word_1_278' title='bbox 1606 1078 1634 1121; x_wconf 91' lang='lat'>8</span> 
     </span>
    </p>
   </div>
  </div>
 </body>
</html>
