<?xml version="1.0" encoding="UTF-8"?>
<!DOCTYPE html PUBLIC "-//W3C//DTD XHTML 1.0 Transitional//EN"
    "http://www.w3.org/TR/xhtml1/DTD/xhtml1-transitional.dtd">
<html xmlns="http://www.w3.org/1999/xhtml" xml:lang="en" lang="en">
 <head>
  <title>
</title>
<meta http-equiv="Content-Type" content="text/html;charset=utf-8" />
  <meta name='ocr-system' content='tesseract 3.04.00' />
  <meta name='ocr-capabilities' content='ocr_page ocr_carea ocr_par ocr_line ocrx_word'/>
</head>
<body>
  <div class='ocr_page' id='page_1' title='image "./procluentiolatin00ciceuoft_0138.png"; bbox 0 0 1846 3178; ppageno 0'>
   <div class='ocr_carea' id='block_1_1' title="bbox 278 149 1107 206">
    <p class='ocr_par' dir='ltr' id='par_1_1' title="bbox 278 149 1107 206">
     <span class='ocr_line' id='line_1_1' title="bbox 278 149 1107 206; baseline 0.001 -16"><span class='ocrx_word' id='word_1_1' title='bbox 278 163 305 206; x_wconf 74' lang='grc'><strong>-,</strong></span> <span class='ocrx_word' id='word_1_2' title='bbox 322 173 376 206; x_wconf 65' lang='lat'><strong>10</strong></span> <span class='ocrx_word' id='word_1_3' title='bbox 894 149 1107 191; x_wconf 80' lang='lat' dir='ltr'>ORATIO</span> 
     </span>
    </p>
   </div>
   <div class='ocr_carea' id='block_1_2' title="bbox 194 273 1772 2059">
    <p class='ocr_par' dir='ltr' id='par_1_2' title="bbox 194 273 1772 2059">
     <span class='ocr_line' id='line_1_2' title="bbox 278 273 1746 346; baseline -0.001 -19"><span class='ocrx_word' id='word_1_4' title='bbox 278 275 479 345; x_wconf 86' lang='lat' dir='ltr'><strong>sequuti</strong></span> <span class='ocrx_word' id='word_1_5' title='bbox 514 275 810 346; x_wconf 82' lang='lat' dir='ltr'><strong>petitionem</strong></span> <span class='ocrx_word' id='word_1_6' title='bbox 835 273 1177 341; x_wconf 82' lang='lat' dir='ltr'><strong>reliquissent,</strong></span> <span class='ocrx_word' id='word_1_7' title='bbox 1209 293 1435 326; x_wconf 86' lang='lat' dir='ltr'><strong>manere:</strong></span> <span class='ocrx_word' id='word_1_8' title='bbox 1472 276 1746 345; x_wconf 45' lang='lat' dir='ltr'><strong>iniquum,</strong></span> 
     </span>
     <span class='ocr_line' id='line_1_3' title="bbox 283 358 1712 428; baseline -0.001 -19"><span class='ocrx_word' id='word_1_9' title='bbox 283 378 404 419; x_wconf 88' lang='lat' dir='ltr'><strong>esse,</strong></span> <span class='ocrx_word' id='word_1_10' title='bbox 437 377 543 419; x_wconf 90' lang='lat' dir='ltr'><strong>eos,</strong></span> <span class='ocrx_word' id='word_1_11' title='bbox 577 359 667 425; x_wconf 86' lang='lat' dir='ltr'><strong>qui</strong></span> <span class='ocrx_word' id='word_1_12' title='bbox 702 358 958 406; x_wconf 87' lang='lat' dir='ltr'><strong>honorum</strong></span> <span class='ocrx_word' id='word_1_13' title='bbox 991 370 1300 414; x_wconf 85' lang='lat' dir='ltr'><strong>ornamenta,</strong></span> <span class='ocrx_word' id='word_1_14' title='bbox 1337 371 1544 428; x_wconf 86' lang='lat' dir='ltr'><strong>propter</strong></span> <span class='ocrx_word' id='word_1_15' title='bbox 1579 358 1712 428; x_wconf 75' lang='lat' dir='ltr'><strong>peri·</strong></span> 
     </span>
     <span class='ocr_line' id='line_1_4' title="bbox 282 438 1710 509; baseline -0.002 -18"><span class='ocrx_word' id='word_1_16' title='bbox 282 443 519 498; x_wconf 83' lang='lat' dir='ltr'><strong>culorum</strong></span> <span class='ocrx_word' id='word_1_17' title='bbox 564 438 971 499; x_wconf 83' lang='lat' dir='ltr'>multitudinem,</span> <span class='ocrx_word' id='word_1_18' title='bbox 1014 440 1480 506; x_wconf 82' lang='lat' dir='ltr'><strong>praetermisissent,</strong></span> <span class='ocrx_word' id='word_1_19' title='bbox 1529 439 1710 509; x_wconf 89' lang='lat' dir='ltr'><strong>populi</strong></span> 
     </span>
     <span class='ocr_line' id='line_1_5' title="bbox 280 519 1712 589; baseline -0.003 -15"><span class='ocrx_word' id='word_1_20' title='bbox 280 523 538 574; x_wconf 84' lang='lat' dir='ltr'><strong>heneficiis</strong></span> <span class='ocrx_word' id='word_1_21' title='bbox 571 539 668 570; x_wconf 87' lang='lat' dir='ltr'><strong>esse</strong></span> <span class='ocrx_word' id='word_1_22' title='bbox 702 521 949 589; x_wconf 87' lang='lat' dir='ltr'><strong>privatos,</strong></span> <span class='ocrx_word' id='word_1_23' title='bbox 995 519 1306 569; x_wconf 88' lang='lat' dir='ltr'><strong>iudiciorum</strong></span> <span class='ocrx_word' id='word_1_24' title='bbox 1326 540 1587 571; x_wconf 75' lang='lat' dir='ltr'><strong>¹novorum</strong></span> <span class='ocrx_word' id='word_1_25' title='bbox 1623 538 1712 589; x_wconf 84' lang='lat' dir='ltr'><strong>pe-</strong></span> 
     </span>
     <span class='ocr_line' id='line_1_6' title="bbox 281 601 1736 670; baseline -0.003 -13"><span class='ocrx_word' id='word_1_26' title='bbox 281 605 456 657; x_wconf 88' lang='lat' dir='ltr'><strong>riculis</strong></span> <span class='ocrx_word' id='word_1_27' title='bbox 501 621 606 652; x_wconf 89' lang='lat' dir='ltr'><strong>non</strong></span> <span class='ocrx_word' id='word_1_28' title='bbox 656 614 848 650; x_wconf 72' lang='lat' dir='ltr'><strong>careret</strong></span> <span class='ocrx_word' id='word_1_29' title='bbox 908 602 1197 650; x_wconf 85' lang='lat' dir='ltr'><strong>Senatorem</strong></span> <span class='ocrx_word' id='word_1_30' title='bbox 1242 601 1339 650; x_wconf 88' lang='lat' dir='ltr'><strong>hoc</strong></span> <span class='ocrx_word' id='word_1_31' title='bbox 1396 603 1541 670; x_wconf 84' lang='lat' dir='ltr'><strong>queri</strong></span> <span class='ocrx_word' id='word_1_32' title='bbox 1601 614 1736 655; x_wconf 84' lang='lat' dir='ltr'><strong>non5</strong></span> 
     </span>
     <span class='ocr_line' id='line_1_7' title="bbox 281 680 1710 758; baseline -0.001 -22"><span class='ocrx_word' id='word_1_33' title='bbox 281 704 447 758; x_wconf 87' lang='lat' dir='ltr'><strong>posse,</strong></span> <span class='ocrx_word' id='word_1_34' title='bbox 495 696 762 754; x_wconf 86' lang='lat' dir='ltr'><strong>propterea</strong></span> <span class='ocrx_word' id='word_1_35' title='bbox 817 681 957 751; x_wconf 82' lang='lat' dir='ltr'><strong>quod</strong></span> <span class='ocrx_word' id='word_1_36' title='bbox 1008 699 1067 730; x_wconf 85' lang='lat' dir='ltr'><strong>ea</strong></span> <span class='ocrx_word' id='word_1_37' title='bbox 1116 680 1407 731; x_wconf 85' lang='lat' dir='ltr'><strong>conditione</strong></span> <span class='ocrx_word' id='word_1_38' title='bbox 1455 685 1710 754; x_wconf 85' lang='lat' dir='ltr'><strong>proposita</strong></span> 
     </span>
     <span class='ocr_line' id='line_1_8' title="bbox 280 763 1710 839; baseline -0.002 -21"><span class='ocrx_word' id='word_1_39' title='bbox 280 782 454 839; x_wconf 84' lang='lat' dir='ltr'><strong>petere</strong></span> <span class='ocrx_word' id='word_1_40' title='bbox 485 767 750 836; x_wconf 75' lang='lat' dir='ltr'><strong>coepisset:</strong></span> <span class='ocrx_word' id='word_1_41' title='bbox 783 763 1024 831; x_wconf 79' lang='lat' dir='ltr'><strong>quodque</strong></span> <span class='ocrx_word' id='word_1_42' title='bbox 1057 765 1309 832; x_wconf 88' lang='lat' dir='ltr'><strong>permulta</strong></span> <span class='ocrx_word' id='word_1_43' title='bbox 1343 778 1502 816; x_wconf 82' lang='lat' dir='ltr'><strong>essent</strong></span> <span class='ocrx_word' id='word_1_44' title='bbox 1552 785 1710 815; x_wconf 86' lang='lat' dir='ltr'><strong>orna-</strong></span> 
     </span>
     <span class='ocr_line' id='line_1_9' title="bbox 281 847 1711 917; baseline -0.002 -16"><span class='ocrx_word' id='word_1_45' title='bbox 281 865 482 910; x_wconf 83' lang='lat' dir='ltr'><strong>menta,</strong></span> <span class='ocrx_word' id='word_1_46' title='bbox 530 849 719 917; x_wconf 88' lang='lat' dir='ltr'><strong>quibus</strong></span> <span class='ocrx_word' id='word_1_47' title='bbox 768 866 878 896; x_wconf 89' lang='lat' dir='ltr'><strong>eam</strong></span> <span class='ocrx_word' id='word_1_48' title='bbox 922 847 1153 914; x_wconf 80' lang='lat' dir='ltr'><strong>mitigare</strong></span> <span class='ocrx_word' id='word_1_49' title='bbox 1202 848 1479 897; x_wconf 85' lang='lat' dir='ltr'><strong>molestiam</strong></span> <span class='ocrx_word' id='word_1_50' title='bbox 1522 861 1711 917; x_wconf 80' lang='lat' dir='ltr'><strong>posset:</strong></span> 
     </span>
     <span class='ocr_line' id='line_1_10' title="bbox 283 928 1718 998; baseline -0.001 -16"><span class='ocrx_word' id='word_1_51' title='bbox 283 934 445 992; x_wconf 90' lang='lat' dir='ltr'><strong>locus,</strong></span> <span class='ocrx_word' id='word_1_52' title='bbox 492 931 786 988; x_wconf 80' lang='lat' dir='ltr'><strong>auctoritas,</strong></span> <span class='ocrx_word' id='word_1_53' title='bbox 839 928 975 977; x_wconf 88' lang='lat' dir='ltr'><strong>domi</strong></span> <span class='ocrx_word' id='word_1_54' title='bbox 1024 928 1283 997; x_wconf 85' lang='lat' dir='ltr'><strong>splendor,</strong></span> <span class='ocrx_word' id='word_1_55' title='bbox 1330 928 1470 998; x_wconf 85' lang='lat' dir='ltr'><strong>apud</strong></span> <span class='ocrx_word' id='word_1_56' title='bbox 1525 941 1718 980; x_wconf 73' lang='lat' dir='ltr'><strong>exterat</strong></span> 
     </span>
     <span class='ocr_line' id='line_1_11' title="bbox 284 1007 1767 1078; baseline -0.003 -15"><span class='ocrx_word' id='word_1_57' title='bbox 284 1014 513 1064; x_wconf 86' lang='lat' dir='ltr'><strong>nationes</strong></span> <span class='ocrx_word' id='word_1_58' title='bbox 553 1029 739 1061; x_wconf 88' lang='lat' dir='ltr'><strong>nomen</strong></span> <span class='ocrx_word' id='word_1_59' title='bbox 784 1023 835 1059; x_wconf 91' lang='lat' dir='ltr'><strong>et</strong></span> <span class='ocrx_word' id='word_1_60' title='bbox 882 1007 1065 1075; x_wconf 78' lang='lat' dir='ltr'><strong>gratia,</strong></span> <span class='ocrx_word' id='word_1_61' title='bbox 1114 1022 1226 1077; x_wconf 83' lang='lat' dir='ltr'><strong>toga</strong></span> <span class='ocrx_word' id='word_1_62' title='bbox 1273 1022 1560 1078; x_wconf 83' lang='lat' dir='ltr'><strong>praetexta,</strong></span> <span class='ocrx_word' id='word_1_63' title='bbox 1593 1012 1767 1061; x_wconf 82' lang='lat' dir='ltr'><strong>sellam</strong></span> 
     </span>
     <span class='ocr_line' id='line_1_12' title="bbox 284 1084 1745 1162; baseline 0.001 -20"><span class='ocrx_word' id='word_1_64' title='bbox 284 1092 503 1151; x_wconf 88' lang='lat' dir='ltr'><strong>curulis,</strong></span> <span class='ocrx_word' id='word_1_65' title='bbox 545 1089 783 1157; x_wconf 84' lang='lat' dir='ltr'><strong>insignia,</strong></span> <span class='ocrx_word' id='word_1_66' title='bbox 820 1088 993 1147; x_wconf 81' lang='lat' dir='ltr'><strong>fasces,</strong></span> <span class='ocrx_word' id='word_1_67' title='bbox 1028 1089 1299 1148; x_wconf 85' lang='lat' dir='ltr'><strong>exercitus,</strong></span> <span class='ocrx_word' id='word_1_68' title='bbox 1336 1091 1569 1161; x_wconf 89' lang='lat' dir='ltr'><strong>imperia,</strong></span> <span class='ocrx_word' id='word_1_69' title='bbox 1602 1084 1745 1162; x_wconf 40' lang='grc' dir='ltr'><strong>Ρνοὲ</strong></span> 
     </span>
     <span class='ocr_line' id='line_1_13' title="bbox 285 1172 1719 1240; baseline 0.001 -17"><span class='ocrx_word' id='word_1_70' title='bbox 285 1174 503 1224; x_wconf 75' lang='lat' dir='ltr'><strong>vinciae:</strong></span> <span class='ocrx_word' id='word_1_71' title='bbox 538 1172 727 1240; x_wconf 86' lang='lat' dir='ltr'><strong>quibus</strong></span> <span class='ocrx_word' id='word_1_72' title='bbox 756 1173 810 1219; x_wconf 88' lang='lat' dir='ltr'><strong>in</strong></span> <span class='ocrx_word' id='word_1_73' title='bbox 835 1172 984 1219; x_wconf 88' lang='lat' dir='ltr'><strong>rebus</strong></span> <span class='ocrx_word' id='word_1_74' title='bbox 1008 1190 1170 1238; x_wconf 85' lang='lat' dir='ltr'><strong>quum</strong></span> <span class='ocrx_word' id='word_1_75' title='bbox 1192 1190 1386 1221; x_wconf 87' lang='lat' dir='ltr'><strong>summa</strong></span> <span class='ocrx_word' id='word_1_76' title='bbox 1417 1186 1549 1235; x_wconf 85' lang='lat' dir='ltr'><strong>recte</strong></span> <span class='ocrx_word' id='word_1_77' title='bbox 1573 1173 1719 1224; x_wconf 80' lang='lat' dir='ltr'><strong>factis</strong></span> 
     </span>
     <span class='ocr_line' id='line_1_14' title="bbox 286 1253 1717 1325; baseline -0.001 -20"><span class='ocrx_word' id='word_1_78' title='bbox 286 1256 499 1306; x_wconf 85' lang='lat' dir='ltr'><strong>maiores</strong></span> <span class='ocrx_word' id='word_1_79' title='bbox 533 1254 691 1303; x_wconf 82' lang='lat' dir='ltr'><strong>nostri</strong></span> <span class='ocrx_word' id='word_1_80' title='bbox 727 1253 976 1322; x_wconf 84' lang='lat' dir='ltr'><strong>praemia,</strong></span> <span class='ocrx_word' id='word_1_81' title='bbox 1011 1265 1121 1302; x_wconf 88' lang='lat' dir='ltr'><strong>tum</strong></span> <span class='ocrx_word' id='word_1_82' title='bbox 1155 1255 1304 1322; x_wconf 85' lang='lat' dir='ltr'><strong>plura</strong></span> <span class='ocrx_word' id='word_1_83' title='bbox 1338 1256 1550 1323; x_wconf 86' lang='lat' dir='ltr'><strong>peccatis</strong></span> <span class='ocrx_word' id='word_1_84' title='bbox 1584 1256 1717 1325; x_wconf 77' lang='lat' dir='ltr'><strong>peni-</strong></span> 
     </span>
     <span class='ocr_line' id='line_1_15' title="bbox 285 1335 1718 1405; baseline -0.001 -17"><span class='ocrx_word' id='word_1_85' title='bbox 285 1340 400 1388; x_wconf 85' lang='lat' dir='ltr'><strong>cula</strong></span> <span class='ocrx_word' id='word_1_86' title='bbox 435 1336 691 1405; x_wconf 87' lang='lat' dir='ltr'><strong>proposita</strong></span> <span class='ocrx_word' id='word_1_87' title='bbox 725 1352 822 1383; x_wconf 89' lang='lat' dir='ltr'><strong>esse</strong></span> <span class='ocrx_word' id='word_1_88' title='bbox 857 1335 1141 1404; x_wconf 84' lang='lat' dir='ltr'><strong>voluerunt·</strong></span> <span class='ocrx_word' id='word_1_89' title='bbox 1190 1335 1272 1384; x_wconf 90' lang='lat' dir='ltr'><strong>Illi</strong></span> <span class='ocrx_word' id='word_1_90' title='bbox 1308 1354 1414 1386; x_wconf 87' lang='lat' dir='ltr'><strong>non</strong></span> <span class='ocrx_word' id='word_1_91' title='bbox 1447 1335 1543 1385; x_wconf 90' lang='lat' dir='ltr'><strong>hoc</strong></span> <span class='ocrx_word' id='word_1_92' title='bbox 1575 1354 1718 1386; x_wconf 88' lang='lat' dir='ltr'><strong>recu-</strong></span> 
     </span>
     <span class='ocr_line' id='line_1_16' title="bbox 284 1416 1770 1483; baseline 0 -15"><span class='ocrx_word' id='word_1_93' title='bbox 284 1419 488 1477; x_wconf 84' lang='lat' dir='ltr'><strong>sabant,</strong></span> <span class='ocrx_word' id='word_1_94' title='bbox 526 1434 590 1465; x_wconf 90' lang='lat' dir='ltr'><strong>ne</strong></span> <span class='ocrx_word' id='word_1_95' title='bbox 622 1433 679 1464; x_wconf 86' lang='lat' dir='ltr'><strong>ea</strong></span> <span class='ocrx_word' id='word_1_96' title='bbox 715 1416 820 1482; x_wconf 83' lang='lat' dir='ltr'><strong>lege</strong></span> <span class='ocrx_word' id='word_1_97' title='bbox 865 1427 1243 1473; x_wconf 78' lang='lat' dir='ltr'><strong>accusarentur,</strong></span> <span class='ocrx_word' id='word_1_98' title='bbox 1290 1433 1392 1483; x_wconf 85' lang='lat' dir='ltr'><strong>qua</strong></span> <span class='ocrx_word' id='word_1_99' title='bbox 1434 1435 1575 1467; x_wconf 87' lang='lat' dir='ltr'><strong>nunc</strong></span> <span class='ocrx_word' id='word_1_100' title='bbox 1615 1420 1770 1468; x_wconf 71' lang='lat' dir='ltr'><strong>Ila-15</strong></span> 
     </span>
     <span class='ocr_line' id='line_1_17' title="bbox 284 1498 1720 1567; baseline 0 -17"><span class='ocrx_word' id='word_1_101' title='bbox 284 1501 424 1550; x_wconf 87' lang='lat' dir='ltr'><strong>bitus</strong></span> <span class='ocrx_word' id='word_1_102' title='bbox 458 1510 734 1556; x_wconf 81' lang='lat' dir='ltr'><strong>accusatur,</strong></span> <span class='ocrx_word' id='word_1_103' title='bbox 779 1513 909 1564; x_wconf 83' lang='lat' dir='ltr'><strong>quae</strong></span> <span class='ocrx_word' id='word_1_104' title='bbox 945 1508 1068 1544; x_wconf 87' lang='lat' dir='ltr'><strong>tunc</strong></span> <span class='ocrx_word' id='word_1_105' title='bbox 1101 1509 1209 1545; x_wconf 84' lang='lat' dir='ltr'><strong>erat</strong></span> <span class='ocrx_word' id='word_1_106' title='bbox 1233 1498 1540 1567; x_wconf 87' lang='lat' dir='ltr'><strong>Sempronia,</strong></span> <span class='ocrx_word' id='word_1_107' title='bbox 1577 1518 1720 1549; x_wconf 83' lang='lat' dir='ltr'><strong>nunc</strong></span> 
     </span>
     <span class='ocr_line' id='line_1_18' title="bbox 286 1579 1767 1652; baseline 0.001 -20"><span class='ocrx_word' id='word_1_108' title='bbox 286 1595 359 1634; x_wconf 83' lang='lat' dir='ltr'><strong>est</strong></span> <span class='ocrx_word' id='word_1_109' title='bbox 391 1581 654 1632; x_wconf 73' lang='lat' dir='ltr'><strong>Corneliat</strong></span> <span class='ocrx_word' id='word_1_110' title='bbox 700 1579 1055 1645; x_wconf 79' lang='lat' dir='ltr'><strong>intelligebant</strong></span> <span class='ocrx_word' id='word_1_111' title='bbox 1100 1579 1261 1639; x_wconf 87' lang='lat' dir='ltr'><strong>enim,</strong></span> <span class='ocrx_word' id='word_1_112' title='bbox 1310 1597 1368 1631; x_wconf 90' lang='lat' dir='ltr'><strong>ea</strong></span> <span class='ocrx_word' id='word_1_113' title='bbox 1417 1583 1523 1652; x_wconf 84' lang='lat' dir='ltr'><strong>lege</strong></span> <span class='ocrx_word' id='word_1_114' title='bbox 1567 1601 1717 1652; x_wconf 82' lang='lat' dir='ltr'><strong>eque·</strong></span> <span class='ocrx_word' id='word_1_115' title='bbox 1765 1601 1767 1606; x_wconf 87' lang='lat'>·</span> 
     </span>
     <span class='ocr_line' id='line_1_19' title="bbox 286 1661 1720 1733; baseline 0 -18"><span class='ocrx_word' id='word_1_116' title='bbox 286 1679 440 1716; x_wconf 88' lang='lat' dir='ltr'><strong>strem</strong></span> <span class='ocrx_word' id='word_1_117' title='bbox 475 1663 708 1712; x_wconf 83' lang='lat' dir='ltr'><strong>ordinem</strong></span> <span class='ocrx_word' id='word_1_118' title='bbox 753 1679 859 1710; x_wconf 91' lang='lat' dir='ltr'><strong>non</strong></span> <span class='ocrx_word' id='word_1_119' title='bbox 902 1661 1088 1710; x_wconf 87' lang='lat' dir='ltr'><strong>teneri:</strong></span> <span class='ocrx_word' id='word_1_120' title='bbox 1133 1661 1220 1711; x_wconf 85' lang='lat' dir='ltr'><strong>sed</strong></span> <span class='ocrx_word' id='word_1_121' title='bbox 1252 1681 1316 1712; x_wconf 89' lang='lat' dir='ltr'><strong>ne</strong></span> <span class='ocrx_word' id='word_1_122' title='bbox 1350 1683 1477 1714; x_wconf 85' lang='lat' dir='ltr'><strong>nova</strong></span> <span class='ocrx_word' id='word_1_123' title='bbox 1511 1666 1720 1733; x_wconf 81' lang='lat' dir='ltr'><strong>lege&#39;al-</strong></span> 
     </span>
     <span class='ocr_line' id='line_1_20' title="bbox 194 1743 1718 1815; baseline 0 -20"><span class='ocrx_word' id='word_1_124' title='bbox 194 1766 270 1808; x_wconf 75' lang='grc' dir='ltr'><strong>ι55</strong></span> <span class='ocrx_word' id='word_1_125' title='bbox 289 1747 596 1815; x_wconf 82' lang='lat' dir='ltr'><strong>ligarentur,</strong></span> <span class='ocrx_word' id='word_1_126' title='bbox 630 1743 945 1793; x_wconf 80' lang='lat' dir='ltr'><strong>laborabant.</strong></span> <span class='ocrx_word' id='word_1_127' title='bbox 1023 1743 1240 1793; x_wconf 85' lang='lat' dir='ltr'><strong>Habitus</strong></span> <span class='ocrx_word' id='word_1_128' title='bbox 1284 1762 1348 1793; x_wconf 89' lang='lat' dir='ltr'><strong>ne</strong></span> <span class='ocrx_word' id='word_1_129' title='bbox 1379 1745 1476 1795; x_wconf 88' lang='lat' dir='ltr'><strong>hoc</strong></span> <span class='ocrx_word' id='word_1_130' title='bbox 1509 1745 1718 1814; x_wconf 85' lang='lat' dir='ltr'><strong>quidem</strong></span> 
     </span>
     <span class='ocr_line' id='line_1_21' title="bbox 290 1825 1772 1896; baseline -0.001 -18"><span class='ocrx_word' id='word_1_131' title='bbox 290 1846 538 1896; x_wconf 86' lang='lat' dir='ltr'><strong>umquam</strong></span> <span class='ocrx_word' id='word_1_132' title='bbox 571 1825 842 1884; x_wconf 82' lang='lat' dir='ltr'><strong>recusavit,</strong></span> <span class='ocrx_word' id='word_1_133' title='bbox 875 1844 978 1892; x_wconf 86' lang='lat' dir='ltr'><strong>quo</strong></span> <span class='ocrx_word' id='word_1_134' title='bbox 1013 1825 1181 1874; x_wconf 87' lang='lat' dir='ltr'><strong>minus</strong></span> <span class='ocrx_word' id='word_1_135' title='bbox 1213 1827 1291 1874; x_wconf 89' lang='lat' dir='ltr'><strong>vel</strong></span> <span class='ocrx_word' id='word_1_136' title='bbox 1325 1845 1380 1876; x_wconf 88' lang='lat' dir='ltr'><strong>ea</strong></span> <span class='ocrx_word' id='word_1_137' title='bbox 1422 1829 1527 1895; x_wconf 83' lang='lat' dir='ltr'><strong>lege</strong></span> <span class='ocrx_word' id='word_1_138' title='bbox 1568 1828 1772 1879; x_wconf 79' lang='lat' dir='ltr'><strong>ratio-20</strong></span> 
     </span>
     <span class='ocr_line' id='line_1_22' title="bbox 290 1906 1718 1975; baseline 0 -16"><span class='ocrx_word' id='word_1_139' title='bbox 290 1927 408 1960; x_wconf 89' lang='lat' dir='ltr'><strong>nem</strong></span> <span class='ocrx_word' id='word_1_140' title='bbox 440 1909 571 1958; x_wconf 87' lang='lat' dir='ltr'><strong>vitae</strong></span> <span class='ocrx_word' id='word_1_141' title='bbox 605 1926 721 1957; x_wconf 88' lang='lat' dir='ltr'><strong>suae</strong></span> <span class='ocrx_word' id='word_1_142' title='bbox 757 1906 1000 1966; x_wconf 85' lang='lat' dir='ltr'><strong>redderet,</strong></span> <span class='ocrx_word' id='word_1_143' title='bbox 1036 1926 1137 1974; x_wconf 83' lang='lat' dir='ltr'><strong>qua</strong></span> <span class='ocrx_word' id='word_1_144' title='bbox 1174 1927 1278 1957; x_wconf 88' lang='lat' dir='ltr'><strong>non</strong></span> <span class='ocrx_word' id='word_1_145' title='bbox 1316 1920 1529 1958; x_wconf 88' lang='lat' dir='ltr'><strong>tenetur.</strong></span> <span class='ocrx_word' id='word_1_146' title='bbox 1574 1911 1718 1975; x_wconf 85' lang='lat' dir='ltr'><strong>Quae</strong></span> 
     </span>
     <span class='ocr_line' id='line_1_23' title="bbox 289 1990 1719 2059; baseline -0.002 -15"><span class='ocrx_word' id='word_1_147' title='bbox 289 1994 331 2044; x_wconf 82' lang='lat' dir='ltr'><strong>si</strong></span> <span class='ocrx_word' id='word_1_148' title='bbox 381 1991 521 2041; x_wconf 84' lang='lat' dir='ltr'><strong>vobis</strong></span> <span class='ocrx_word' id='word_1_149' title='bbox 568 1990 792 2040; x_wconf 85' lang='lat' dir='ltr'><strong>conditio</strong></span> <span class='ocrx_word' id='word_1_150' title='bbox 839 1990 1029 2059; x_wconf 83' lang='lat' dir='ltr'><strong>placet,</strong></span> <span class='ocrx_word' id='word_1_151' title='bbox 1077 2008 1248 2039; x_wconf 86' lang='lat' dir='ltr'><strong>omnes</strong></span> <span class='ocrx_word' id='word_1_152' title='bbox 1297 1990 1351 2039; x_wconf 90' lang='lat' dir='ltr'><strong>id</strong></span> <span class='ocrx_word' id='word_1_153' title='bbox 1394 2009 1622 2058; x_wconf 82' lang='lat' dir='ltr'><strong>agamus,</strong></span> <span class='ocrx_word' id='word_1_154' title='bbox 1658 2004 1719 2042; x_wconf 88' lang='lat' dir='ltr'><strong>ut</strong></span> 
     </span>
    </p>
   </div>
   <div class='ocr_carea' id='block_1_3' title="bbox 399 2130 1719 2228">
    <p class='ocr_par' dir='ltr' id='par_1_3' title="bbox 399 2130 1719 2228">
     <span class='ocr_line' id='line_1_24' title="bbox 408 2130 1719 2186; baseline 0 -13"><span class='ocrx_word' id='word_1_155' title='bbox 408 2147 470 2174; x_wconf 74' lang='grc' dir='ltr'><strong>η.</strong></span> <span class='ocrx_word' id='word_1_156' title='bbox 500 2146 767 2172; x_wconf 88' lang='lat' dir='ltr'><strong>summum—</strong></span> <span class='ocrx_word' id='word_1_157' title='bbox 786 2131 1008 2185; x_wconf 85' lang='lat' dir='ltr'><strong>praemium</strong></span> <span class='ocrx_word' id='word_1_158' title='bbox 1125 2132 1185 2173; x_wconf 82' lang='lat'><strong>15.</strong></span> <span class='ocrx_word' id='word_1_159' title='bbox 1215 2146 1260 2170; x_wconf 88' lang='lat' dir='ltr'><strong>ea</strong></span> <span class='ocrx_word' id='word_1_160' title='bbox 1294 2146 1344 2171; x_wconf 87' lang='lat' dir='ltr'><strong>ne</strong></span> <span class='ocrx_word' id='word_1_161' title='bbox 1370 2130 1455 2186; x_wconf 79' lang='lat' dir='ltr'><strong>lege</strong></span> <span class='ocrx_word' id='word_1_162' title='bbox 1566 2146 1632 2175; x_wconf 81' lang='lat'><strong>21.</strong></span> <span class='ocrx_word' id='word_1_163' title='bbox 1661 2139 1719 2173; x_wconf 87' lang='lat' dir='ltr'><strong>te-</strong></span> 
     </span>
     <span class='ocr_line' id='line_1_25' title="bbox 399 2196 562 2228; baseline -0.012 0"><span class='ocrx_word' id='word_1_164' title='bbox 399 2196 562 2228; x_wconf 76' lang='lat' dir='ltr'><strong>neretur</strong></span> 
     </span>
    </p>
   </div>
   <div class='ocr_carea' id='block_1_4' title="bbox 290 2301 1723 2726">
    <p class='ocr_par' dir='ltr' id='par_1_4' title="bbox 290 2301 1723 2726">
     <span class='ocr_line' id='line_1_26' title="bbox 389 2301 1718 2355; baseline -0.002 -12"><span class='ocrx_word' id='word_1_165' title='bbox 389 2321 417 2344; x_wconf 87' lang='grc' dir='ltr'><strong>ι.</strong></span> <span class='ocrx_word' id='word_1_166' title='bbox 442 2306 601 2355; x_wconf 69' lang='lat' dir='ltr'><strong>sequuti]</strong></span> <span class='ocrx_word' id='word_1_167' title='bbox 630 2317 748 2340; x_wconf 72' lang='lat' dir='ltr'><strong>secum</strong></span> <span class='ocrx_word' id='word_1_168' title='bbox 777 2309 822 2341; x_wconf 89' lang='grc' dir='ltr'><em>Π</em></span> <span class='ocrx_word' id='word_1_169' title='bbox 844 2301 919 2353; x_wconf 71' lang='lat' dir='ltr'><strong>(p&#39;r,</strong></span> <span class='ocrx_word' id='word_1_170' title='bbox 944 2308 975 2348; x_wconf 79' lang='lat'><strong>1)</strong></span> <span class='ocrx_word' id='word_1_171' title='bbox 1106 2308 1136 2351; x_wconf 78' lang='grc'><strong>4.</strong></span> <span class='ocrx_word' id='word_1_172' title='bbox 1163 2307 1347 2341; x_wconf 79' lang='lat' dir='ltr'><strong>beneflciis</strong></span> <span class='ocrx_word' id='word_1_173' title='bbox 1372 2308 1400 2341; x_wconf 89' lang='grc' dir='ltr'><em>Β</em></span> <span class='ocrx_word' id='word_1_174' title='bbox 1456 2307 1626 2353; x_wconf 74' lang='lat' dir='ltr'><strong>periculis</strong></span> <span class='ocrx_word' id='word_1_175' title='bbox 1652 2320 1718 2341; x_wconf 84' lang='lat' dir='ltr'><strong>om.</strong></span> 
     </span>
     <span class='ocr_line' id='line_1_27' title="bbox 292 2353 1720 2400; baseline 0 -12"><span class='ocrx_word' id='word_1_176' title='bbox 292 2358 323 2392; x_wconf 91' lang='lat' dir='ltr'><strong><em>B</em></strong></span> <span class='ocrx_word' id='word_1_177' title='bbox 403 2368 454 2391; x_wconf 86' lang='grc' dir='ltr'><strong>ιο.</strong></span> <span class='ocrx_word' id='word_1_178' title='bbox 480 2360 560 2398; x_wconf 76' lang='lat' dir='ltr'><strong>toga</strong></span> <span class='ocrx_word' id='word_1_179' title='bbox 587 2360 623 2387; x_wconf 84' lang='lat' dir='ltr'><strong>et</strong></span> <span class='ocrx_word' id='word_1_180' title='bbox 645 2359 829 2398; x_wconf 74' lang='lat' dir='ltr'><strong>praetexta</strong></span> <span class='ocrx_word' id='word_1_181' title='bbox 855 2357 896 2387; x_wconf 91' lang='grc' dir='ltr'><strong>ΙΙ</strong></span> <span class='ocrx_word' id='word_1_182' title='bbox 928 2357 998 2399; x_wconf 78' lang='lat' dir='ltr'><strong>(pr.</strong></span> <span class='ocrx_word' id='word_1_183' title='bbox 1024 2353 1056 2391; x_wconf 82' lang='lat' dir='ltr'><strong>l)</strong></span> <span class='ocrx_word' id='word_1_184' title='bbox 1080 2363 1096 2386; x_wconf 83' lang='grc' dir='ltr'>ε</span> <span class='ocrx_word' id='word_1_185' title='bbox 1176 2366 1224 2386; x_wconf 84' lang='grc' dir='ltr'><strong>ιι.</strong></span> <span class='ocrx_word' id='word_1_186' title='bbox 1245 2353 1398 2398; x_wconf 80' lang='lat' dir='ltr'><strong>insignia</strong></span> <span class='ocrx_word' id='word_1_187' title='bbox 1423 2362 1620 2400; x_wconf 74' lang='lat' dir='ltr'><strong>suspectum</strong></span> <span class='ocrx_word' id='word_1_188' title='bbox 1648 2357 1720 2388; x_wconf 78' lang='lat' dir='ltr'><strong>Gu-</strong></span> 
     </span>
     <span class='ocr_line' id='line_1_28' title="bbox 290 2398 1720 2446; baseline -0.002 -11"><span class='ocrx_word' id='word_1_189' title='bbox 290 2403 427 2443; x_wconf 79' lang='lat' dir='ltr'><strong>lielmo,</strong></span> <span class='ocrx_word' id='word_1_190' title='bbox 454 2402 547 2435; x_wconf 82' lang='lat' dir='ltr'><strong>Ern.</strong></span> <span class='ocrx_word' id='word_1_191' title='bbox 577 2402 686 2434; x_wconf 82' lang='lat' dir='ltr'><strong>Orell.</strong></span> <span class='ocrx_word' id='word_1_192' title='bbox 831 2412 882 2434; x_wconf 68' lang='grc' dir='ltr'><strong>ια.</strong></span> <span class='ocrx_word' id='word_1_193' title='bbox 916 2398 1042 2446; x_wconf 80' lang='lat' dir='ltr'><strong>quum]</strong></span> <span class='ocrx_word' id='word_1_194' title='bbox 1081 2411 1147 2433; x_wconf 89' lang='lat' dir='ltr'><strong>con</strong></span> <span class='ocrx_word' id='word_1_195' title='bbox 1185 2399 1353 2445; x_wconf 79' lang='lat' dir='ltr'><strong>thkm</strong></span> <span class='ocrx_word' id='word_1_196' title='bbox 1389 2411 1454 2432; x_wconf 90' lang='lat' dir='ltr'><strong>om.</strong></span> <span class='ocrx_word' id='word_1_197' title='bbox 1486 2402 1517 2434; x_wconf 88' lang='lat' dir='ltr'><em>A</em></span> <span class='ocrx_word' id='word_1_198' title='bbox 1585 2411 1720 2433; x_wconf 80' lang='lat' dir='ltr'><strong>summa</strong></span> 
     </span>
     <span class='ocr_line' id='line_1_29' title="bbox 290 2448 1720 2495; baseline -0.001 -13"><span class='ocrx_word' id='word_1_199' title='bbox 290 2448 540 2495; x_wconf 73' lang='lat' dir='ltr'><strong>Bbcdefhr]</strong></span> <span class='ocrx_word' id='word_1_200' title='bbox 559 2459 579 2480; x_wconf 86' lang='grc' dir='ltr'><em>τ</em></span> <span class='ocrx_word' id='word_1_201' title='bbox 626 2458 802 2479; x_wconf 86' lang='lat' dir='ltr'><strong>summum</strong></span> <span class='ocrx_word' id='word_1_202' title='bbox 827 2448 857 2481; x_wconf 81' lang='lat' dir='ltr'><em>R</em></span> <span class='ocrx_word' id='word_1_203' title='bbox 878 2448 977 2490; x_wconf 76' lang='lat' dir='ltr'><strong>vulg.</strong></span> <span class='ocrx_word' id='word_1_204' title='bbox 1073 2449 1120 2480; x_wconf 83' lang='lat'><strong>13.</strong></span> <span class='ocrx_word' id='word_1_205' title='bbox 1146 2448 1316 2491; x_wconf 78' lang='lat' dir='ltr'><strong>praemia,</strong></span> <span class='ocrx_word' id='word_1_206' title='bbox 1342 2451 1414 2479; x_wconf 86' lang='lat' dir='ltr'><strong>tum</strong></span> <span class='ocrx_word' id='word_1_207' title='bbox 1439 2457 1459 2479; x_wconf 81' lang='grc' dir='ltr'><strong><em>τ</em></strong></span> <span class='ocrx_word' id='word_1_208' title='bbox 1506 2448 1720 2491; x_wconf 71' lang='lat' dir='ltr'><strong>permixtum</strong></span> 
     </span>
     <span class='ocr_line' id='line_1_30' title="bbox 292 2492 1722 2539; baseline -0.001 -13"><span class='ocrx_word' id='word_1_209' title='bbox 292 2497 454 2539; x_wconf 77' lang='grc' dir='ltr'><em>ἰίβγει</em></span> <span class='ocrx_word' id='word_1_210' title='bbox 493 2494 688 2538; x_wconf 84' lang='lat' dir='ltr'><strong>praemium</strong></span> <span class='ocrx_word' id='word_1_211' title='bbox 713 2496 797 2535; x_wconf 82' lang='lat' dir='ltr'><strong>(om.</strong></span> <span class='ocrx_word' id='word_1_212' title='bbox 826 2497 920 2535; x_wconf 59' lang='lat' dir='ltr'><strong>tuny</strong></span> <span class='ocrx_word' id='word_1_213' title='bbox 943 2494 973 2526; x_wconf 84' lang='lat' dir='ltr'><em>A</em></span> <span class='ocrx_word' id='word_1_214' title='bbox 1007 2492 1242 2538; x_wconf 80' lang='lat' dir='ltr'><strong>praemixtum</strong></span> <span class='ocrx_word' id='word_1_215' title='bbox 1267 2493 1296 2526; x_wconf 79' lang='lat' dir='ltr'><em>R</em></span> <span class='ocrx_word' id='word_1_216' title='bbox 1344 2494 1499 2536; x_wconf 73' lang='lat' dir='ltr'><strong>praemia</strong></span> <span class='ocrx_word' id='word_1_217' title='bbox 1527 2497 1612 2535; x_wconf 85' lang='lat' dir='ltr'><strong>(om.</strong></span> <span class='ocrx_word' id='word_1_218' title='bbox 1629 2497 1722 2534; x_wconf 71' lang='lat' dir='ltr'><strong>tuni)</strong></span> 
     </span>
     <span class='ocr_line' id='line_1_31' title="bbox 291 2539 1722 2584; baseline 0.001 -12"><span class='ocrx_word' id='word_1_219' title='bbox 291 2554 311 2582; x_wconf 86' lang='grc' dir='ltr'><strong><em>η</em></strong></span> <span class='ocrx_word' id='word_1_220' title='bbox 340 2543 537 2584; x_wconf 79' lang='lat' dir='ltr'><strong>praemium</strong></span> <span class='ocrx_word' id='word_1_221' title='bbox 561 2546 635 2573; x_wconf 75' lang='lat' dir='ltr'><strong>tom</strong></span> <span class='ocrx_word' id='word_1_222' title='bbox 661 2540 926 2584; x_wconf 64' lang='grc' dir='ltr'><em>θκλμνξοῑι</em></span> <span class='ocrx_word' id='word_1_223' title='bbox 947 2548 1002 2582; x_wconf 72' lang='lat' dir='ltr'><strong>QG</strong></span> <span class='ocrx_word' id='word_1_224' title='bbox 1102 2539 1151 2572; x_wconf 72' lang='lat'><strong>15.</strong></span> <span class='ocrx_word' id='word_1_225' title='bbox 1178 2551 1223 2572; x_wconf 88' lang='lat' dir='ltr'><strong>ne</strong></span> <span class='ocrx_word' id='word_1_226' title='bbox 1250 2549 1290 2570; x_wconf 68' lang='lat' dir='ltr'><strong>vn</strong></span> <span class='ocrx_word' id='word_1_227' title='bbox 1323 2541 1425 2573; x_wconf 63' lang='lat' dir='ltr'><strong>AB:</strong></span> <span class='ocrx_word' id='word_1_228' title='bbox 1494 2550 1533 2572; x_wconf 83' lang='lat' dir='ltr'><strong>ea</strong></span> <span class='ocrx_word' id='word_1_229' title='bbox 1570 2553 1614 2573; x_wconf 86' lang='lat' dir='ltr'><strong>ne</strong></span> <span class='ocrx_word' id='word_1_230' title='bbox 1645 2542 1674 2575; x_wconf 87' lang='lat' dir='ltr'><em>R</em></span> <span class='ocrx_word' id='word_1_231' title='bbox 1693 2542 1722 2574; x_wconf 92' lang='grc' dir='ltr'><em>Ο</em></span> 
     </span>
     <span class='ocr_line' id='line_1_32' title="bbox 297 2584 1720 2633; baseline 0.001 -13"><span class='ocrx_word' id='word_1_232' title='bbox 297 2588 348 2623; x_wconf 86' lang='grc'><strong>16.</strong></span> <span class='ocrx_word' id='word_1_233' title='bbox 376 2598 467 2631; x_wconf 82' lang='lat' dir='ltr'><strong>quac</strong></span> <span class='ocrx_word' id='word_1_234' title='bbox 497 2592 606 2621; x_wconf 86' lang='lat' dir='ltr'><strong>tunc:</strong></span> <span class='ocrx_word' id='word_1_235' title='bbox 629 2585 664 2620; x_wconf 81' lang='grc' dir='ltr'><strong>Ῐι.</strong></span> <span class='ocrx_word' id='word_1_236' title='bbox 695 2586 721 2621; x_wconf 89' lang='lat' dir='ltr'><strong>l.</strong></span> <span class='ocrx_word' id='word_1_237' title='bbox 751 2587 1015 2619; x_wconf 79' lang='lat' dir='ltr'><strong>continuantur</strong></span> <span class='ocrx_word' id='word_1_238' title='bbox 1040 2584 1139 2619; x_wconf 82' lang='lat' dir='ltr'><strong>codd.</strong></span> <span class='ocrx_word' id='word_1_239' title='bbox 1165 2586 1283 2618; x_wconf 81' lang='lat' dir='ltr'><strong>mutili</strong></span> <span class='ocrx_word' id='word_1_240' title='bbox 1306 2593 1340 2618; x_wconf 82' lang='lat' dir='ltr'><strong>et</strong></span> <span class='ocrx_word' id='word_1_241' title='bbox 1363 2598 1386 2619; x_wconf 82' lang='grc' dir='ltr'><em>α</em></span> <span class='ocrx_word' id='word_1_242' title='bbox 1447 2591 1522 2619; x_wconf 88' lang='lat' dir='ltr'><strong>tum</strong></span> <span class='ocrx_word' id='word_1_243' title='bbox 1547 2590 1592 2620; x_wconf 92' lang='grc' dir='ltr'><em>Π</em></span> <span class='ocrx_word' id='word_1_244' title='bbox 1613 2597 1720 2633; x_wconf 80' lang='lat' dir='ltr'><strong>prae·-</strong></span> 
     </span>
     <span class='ocr_line' id='line_1_33' title="bbox 291 2633 1723 2678; baseline 0 -12"><span class='ocrx_word' id='word_1_245' title='bbox 291 2641 348 2666; x_wconf 75' lang='lat' dir='ltr'><strong>ter</strong></span> <span class='ocrx_word' id='word_1_246' title='bbox 371 2635 550 2667; x_wconf 80' lang='lat' dir='ltr'><strong>Aanx</strong></span> <span class='ocrx_word' id='word_1_247' title='bbox 694 2634 745 2666; x_wconf 73' lang='lat'><strong>18.</strong></span> <span class='ocrx_word' id='word_1_248' title='bbox 783 2633 1036 2678; x_wconf 74' lang='lat' dir='ltr'><strong>colligerentur</strong></span> <span class='ocrx_word' id='word_1_249' title='bbox 1061 2645 1084 2664; x_wconf 85' lang='grc' dir='ltr'><strong><em>α</em></strong></span> <span class='ocrx_word' id='word_1_250' title='bbox 1132 2633 1382 2677; x_wconf 77' lang='lat' dir='ltr'><strong>colligarentur</strong></span> <span class='ocrx_word' id='word_1_251' title='bbox 1407 2643 1423 2666; x_wconf 84' lang='grc' dir='ltr'><em>ε</em></span> <span class='ocrx_word' id='word_1_252' title='bbox 1575 2646 1628 2668; x_wconf 76' lang='lat'><strong>20.</strong></span> <span class='ocrx_word' id='word_1_253' title='bbox 1667 2633 1723 2667; x_wconf 81' lang='lat' dir='ltr'><strong>vel</strong></span> 
     </span>
     <span class='ocr_line' id='line_1_34' title="bbox 291 2677 1529 2726; baseline 0 -11"><span class='ocrx_word' id='word_1_254' title='bbox 291 2690 357 2717; x_wconf 82' lang='lat' dir='ltr'><strong>om·</strong></span> <span class='ocrx_word' id='word_1_255' title='bbox 382 2690 406 2712; x_wconf 78' lang='grc' dir='ltr'><strong><em>α</em></strong></span> <span class='ocrx_word' id='word_1_256' title='bbox 547 2691 599 2715; x_wconf 81' lang='lat'><strong>21·</strong></span> <span class='ocrx_word' id='word_1_257' title='bbox 630 2677 686 2726; x_wconf 79' lang='lat' dir='ltr'><strong>ea]</strong></span> <span class='ocrx_word' id='word_1_258' title='bbox 710 2689 752 2712; x_wconf 77' lang='lat' dir='ltr'><strong>ex</strong></span> <span class='ocrx_word' id='word_1_259' title='bbox 778 2679 838 2712; x_wconf 86' lang='lat' dir='ltr'><strong>AB</strong></span> <span class='ocrx_word' id='word_1_260' title='bbox 931 2684 1075 2713; x_wconf 83' lang='lat' dir='ltr'><strong>tenetur</strong></span> <span class='ocrx_word' id='word_1_261' title='bbox 1097 2680 1200 2713; x_wconf 74' lang='lat' dir='ltr'><strong>Assv</strong></span> <span class='ocrx_word' id='word_1_262' title='bbox 1254 2684 1436 2714; x_wconf 82' lang='lat' dir='ltr'><strong>teneretur</strong></span> <span class='ocrx_word' id='word_1_263' title='bbox 1459 2681 1529 2715; x_wconf 74' lang='lat' dir='ltr'><strong>Ro</strong></span> 
     </span>
    </p>
   </div>
  </div>
 </body>
</html>
