1846 3178
330 169 426 231 '172
903 160 1242 204 ΑῡΝοΤΑΤιο

439 280 491 333 42
508 310 520 332 ‚
562 281 609 322 8.'
639 280 870 336 consentire]
937 282 1295 336 operaepretium
1334 289 1392 322 est
1429 279 1764 334 animadvertere,

330 360 431 408 quot
460 353 656 394 librorum
686 354 922 407 auctoritate
949 353 1187 392 certissimae
1233 366 1348 407 saepe
1375 354 1593 407 scripturae
1631 352 1766 391 nitan-

328 431 422 465 tur:
471 440 563 464 nam
607 425 647 466 h.
677 423 707 463 l.
738 425 842 462 inter
869 425 998 462 omnis
1034 431 1192 463 nostros
1235 432 1274 463 et
1316 424 1552 463 Oxoniensis
1586 421 1623 462 A
1655 428 1696 462 et
1731 421 1764 463 B

328 495 403 536 soli
442 510 579 537 veram
605 494 718 535 verbi
756 493 928 534 formam
964 501 1162 535 tuentur:
1202 493 1346 549 reliqui
1380 509 1517 536 omnes
1542 495 1653 535 varie
1679 483 1764 533 disss-
1814 535 1824 546 ι

326 575 509 621 crepant.

437 658 489 710 45
511 691 522 709 ,
558 673 618 713 19.
652 659 699 702 T.
726 659 852 715 Acci]
910 659 1031 711 Quod
1057 659 1208 714 ubique
1246 660 1291 699 fit
1325 660 1368 698 in
1408 656 1600 698 eiusmodi
1626 655 1762 698 nomi-

324 729 461 780 nibus,
493 730 611 769 etiam
640 730 680 768 h.
709 729 738 770 l.
770 739 961 785 apparet:
994 730 1087 770 libri
1116 731 1251 785 scripti
1279 727 1474 770 fluctuant
1490 729 1605 781 *inter
1627 729 1761 768 varias

326 801 507 841 formas:
553 801 699 852 Attius,
737 801 872 841 Actius
887 832 896 849 ‚
931 800 1100 841 Accius:
1142 816 1188 841 ex
1225 802 1370 855 quibus
1415 799 1588 840 mediam
1612 797 1762 843 nullius

324 875 452 926 gentis
463 874 666 913 Romanae
679 887 762 913 esse
781 875 860 912 iam
880 881 1051 913 constat:
1083 881 1178 913 sunt
1207 874 1327 925 Attii,
1342 873 1459 913 Accii
1474 879 1514 912 et
1533 871 1636 923 Atii,
1653 870 1766 912 Antii

322 942 439 982 nulli.
475 945 612 994 Quum
641 951 773 983 autem
802 952 1001 984 oratorem
1028 952 1209 984 nostrum
1226 974 1238 996 ,
1267 944 1443 983 Cluentii
1474 955 1759 998 aggreaeorem,

322 1001 601 1053 Pisaurensem
630 1013 735 1053 dicat
764 1015 904 1055 Cicero
933 1016 1049 1055 Brut.
1079 1029 1116 1054 c.
1146 1014 1235 1068 78.‚
1265 1029 1312 1054 ex
1341 1013 1645 1054 Pisani-ensibus
1671 1025 1760 1052 mo-

321 1083 541 1132 numentis,
590 1097 692 1136 quae
719 1083 878 1138 collegit
919 1084 1137 1134 Oliverius‚
1187 1086 1276 1123 iure
1320 1085 1471 1138 aliquid
1513 1084 1761 1124 auctoritatis

323 1155 520 1206 quaesivit
550 1153 817 1194 Garatonius:
848 1156 1042 1208 praebent
1079 1163 1118 1201 et
1149 1155 1248 1194 haee
1286 1156 1452 1195 eandem
1480 1156 1563 1195 sere
1589 1155 1760 1197 varieta-

321 1230 434 1274 tem3
484 1222 651 1276 probavi
678 1231 816 1263 tamen
853 1226 999 1278 egregii
1038 1227 1116 1265 viri
1159 1225 1377 1274 iudicium,
1433 1208 1509 1279 qui
1538 1225 1759 1279 plurimum

319 1294 463 1333 tribuit
503 1293 625 1347 lapidi
666 1295 733 1332 uni
778 1308 822 1332 n.
867 1294 1054 1343 CXXXI,
1081 1296 1124 1333 in
1151 1308 1231 1348 quo
1258 1302 1393 1333 noster
1421 1295 1504 1347 ipse
1534 1295 1590 1334 sic
1617 1296 1760 1334 inscri-

319 1372 415 1420 ptus
444 1379 526 1404 esse
555 1365 736 1404 videtur:
773 1365 821 1404 T.
848 1365 965 1404 Accii
993 1364 1156 1404 Pisaur.
1183 1366 1341 1406 cinere&
1409 1365 1530 1405 Certe
1555 1364 1656 1406 nihil
1685 1380 1759 1420 ego

320 1436 603 1480 affirmaverim
622 1466 634 1488 ,
663 1437 732 1476 sed
760 1438 802 1478 in
831 1451 875 1476 re
901 1451 1063 1490 prorsus
1091 1436 1216 1476 dubia
1242 1436 1418 1490 aliquam
1456 1437 1634 1479 veritatis
1669 1450 1758 1491 spe-

320 1509 423 1548 ciem
451 1510 562 1562 sequi
595 1508 815 1555 iucundum
843 1516 918 1548 est.

429 1600 510 1654 44,
541 1600 581 1653 4.
607 1602 686 1656 per
710 1601 963 1656 Fabricium]
1020 1601 1200 1641 Praetuli
1229 1601 1333 1641 banc
1361 1603 1604 1656 optimorum
1643 1601 1760 1644 codd.

320 1673 560 1727 scripturam
598 1673 760 1727 vulgato
787 1673 936 1727 plurali
970 1687 1049 1728 per
1073 1673 1304 1713 Fabricios.-
1350 1687 1447 1715 nam·
1481 1687 1562 1728 quo
1601 1675 1757 1727 saepius

319 1745 365 1786 C.
383 1747 594 1786 Fabricius
621 1753 661 1785 et
689 1747 773 1784 eius
800 1744 967 1784 libertus
1015 1744 1256 1784 Scamander
1295 1745 1482 1784 Fabricii
1507 1757 1532 1783 a
1569 1743 1761 1784 Cicerone

318 1816 509 1870 appellati
536 1824 629 1856 sunt
660 1832 696 1856 c.
726 1829 803 1868 22,
833 1815 898 1871 59.
925 1816 1010 1867 60„
1029 1830 1077 1856 eo
1105 1817 1237 1856 minus
1265 1823 1447 1870 suspecta
1474 1822 1534 1856 est
1559 1815 1603 1858 h.
1630 1815 1659 1855 l.
1691 1829 1760 1855 nc·-

319 1888 499 1930 curatior
525 1887 684 1926 dicendi
712 1890 828 1941 ratio.
1470 1877 1509 1918 θ’

432 1971 473 2010 5.
502 1981 634 2012 exstat
660 1970 864 2026 memoria]
917 1973 964 2011 In
995 1971 1196 2028 plerisque
1228 1972 1344 2015 MSS.
1379 1972 1544 2027 pluralis
1577 1972 1754 2027 legitur:

319 2051 479 2087 exstant
508 2045 744 2082 memoriae.-
774 2044 843 2083 sed
869 2044 937 2087 ille
957 2044 1115 2084 dicendi
1145 2059 1257 2095 usus,
1287 2058 1368 2098 quo
1396 2045 1612 2084 memoriae
1635 2044 1760 2084 libros

319 2114 565 2167 significant,
632 2115 778 2168 quibus
827 2118 1018 2155 memoria
1065 2131 1202 2156 rerum
1264 2124 1462 2169 gestarum
1521 2116 1759 2165 continetur,

318 2199 420 2242 quos
445 2192 597 2225 veteres
639 2188 943 2227 commentarios
970 2187 1243 2239 nominabant,
1266 2203 1347 2228 non
1377 2195 1436 2227 est
1462 2187 1661 2242 Ciceronis
1689 2200 1760 2225 ae·-

318 2256 437 2298 tatis:
483 2256 662 2311 exempla
698 2259 782 2297 eius
817 2258 924 2313 apud
964 2258 1136 2299 Gellium
1177 2248 1355 2316 primuin
1384 2267 1515 2299 extare
1543 2257 1757 2298 videntur:

316 2326 378 2368 lV
402 2357 413 2379 ‚
443 2327 492 2368 6:
525 2329 566 2367 in
593 2329 784 2368 veteribus
807 2329 1003 2369 memoriis
1038 2331 1227 2385 scriptum
1264 2339 1334 2369 est.
1364 2331 1406 2369 X
1420 2360 1431 2378 ,
1479 2343 1524 2368 12
1549 2342 1560 2366 :
1595 2326 1758 2368 Phavo-

317 2399 426 2440 rinus
449 2398 702 2454 philosophas
731 2399 1010 2440 memoriarum
1041 2407 1213 2438 veterum
1241 2400 1616 2456 exsequent'issimaS.
1656 2397 1759 2436 Suet.

317 2470 452 2513 tonius
486 2469 629 2510 Claud.
658 2484 692 2511 c,
727 2484 763 2511 1.
789 2469 979 2523 singulari
1016 2484 1184 2513 numero
1228 2470 1346 2510 dicit:
1379 2472 1485 2509 vitae
1523 2469 1758 2508 memoriam

317 2539 483 2589 (Drusi)
511 2541 724 2595 composuit
750 2540 995 2593 (Augustus).
1031 2542 1109 2581 Sed
1139 2549 1275 2581 nostro
1290 2534 1291 2537 ¹
1304 2541 1391 2580 loco
1407 2571 1418 2591 ,
1448 2555 1572 2594 quum
1602 2542 1757 2580 tabulae

315 2611 497 2665 publicae
524 2612 657 2650 statim
686 2619 1074 2662 commemorentur,
1102 2614 1278 2665 primum
1307 2614 1529 2654 communis
1551 2613 1759 2656 hominum

318 2684 512 2726 memoria
541 2685 581 2723 in
610 2682 801 2725 auxilium
830 2683 1009 2724 vocanda
1037 2691 1135 2726 erat.
