<?xml version="1.0" encoding="UTF-8"?>
<!DOCTYPE html PUBLIC "-//W3C//DTD XHTML 1.0 Transitional//EN"
    "http://www.w3.org/TR/xhtml1/DTD/xhtml1-transitional.dtd">
<html xmlns="http://www.w3.org/1999/xhtml" xml:lang="en" lang="en">
 <head>
  <title>
</title>
<meta http-equiv="Content-Type" content="text/html;charset=utf-8" />
  <meta name='ocr-system' content='tesseract 3.04.00' />
  <meta name='ocr-capabilities' content='ocr_page ocr_carea ocr_par ocr_line ocrx_word'/>
</head>
<body>
  <div class='ocr_page' id='page_1' title='image "./procluentiolatin00ciceuoft/procluentiolatin00ciceuoft_0054.png"; bbox 0 0 1846 3178; ppageno 0'>
   <div class='ocr_carea' id='block_1_1' title="bbox 307 138 1129 195">
    <p class='ocr_par' dir='ltr' id='par_1_1' title="bbox 307 138 1129 195">
     <span class='ocr_line' id='line_1_1' title="bbox 307 138 1129 195; baseline 0 -16"><span class='ocrx_word' id='word_1_1' title='bbox 307 148 370 195; x_wconf 81' lang='lat'>26</span> <span class='ocrx_word' id='word_1_2' title='bbox 922 138 1129 180; x_wconf 84' lang='lat' dir='ltr'>ORATlo</span> 
     </span>
    </p>
   </div>
   <div class='ocr_carea' id='block_1_2' title="bbox 221 263 1806 1946">
    <p class='ocr_par' dir='ltr' id='par_1_2' title="bbox 221 263 1806 1946">
     <span class='ocr_line' id='line_1_2' title="bbox 304 263 1733 336; baseline 0.002 -20"><span class='ocrx_word' id='word_1_3' title='bbox 304 266 511 317; x_wconf 88' lang='lat' dir='ltr'>Larinas</span> <span class='ocrx_word' id='word_1_4' title='bbox 540 263 737 336; x_wconf 72' lang='lat' dir='ltr'>perdita</span> <span class='ocrx_word' id='word_1_5' title='bbox 771 264 1000 332; x_wconf 86' lang='lat' dir='ltr'>neq-uitia</span> <span class='ocrx_word' id='word_1_6' title='bbox 1039 276 1092 315; x_wconf 90' lang='lat' dir='ltr'>et</span> <span class='ocrx_word' id='word_1_7' title='bbox 1122 281 1315 316; x_wconf 83' lang='lat' dir='ltr'>summa</span> <span class='ocrx_word' id='word_1_8' title='bbox 1347 276 1584 334; x_wconf 84' lang='lat' dir='ltr'>egestate,</span> <span class='ocrx_word' id='word_1_9' title='bbox 1623 274 1733 319; x_wconf 63' lang='lat' dir='ltr'>arte</span> 
     </span>
     <span class='ocr_line' id='line_1_3' title="bbox 303 346 1734 418; baseline 0.001 -20"><span class='ocrx_word' id='word_1_10' title='bbox 303 348 524 418; x_wconf 87' lang='lat' dir='ltr'>quadam</span> <span class='ocrx_word' id='word_1_11' title='bbox 565 346 822 417; x_wconf 87' lang='lat' dir='ltr'>praeditus</span> <span class='ocrx_word' id='word_1_12' title='bbox 864 346 929 397; x_wconf 87' lang='lat' dir='ltr'>ad</span> <span class='ocrx_word' id='word_1_13' title='bbox 969 346 1205 398; x_wconf 88' lang='lat' dir='ltr'>libidines</span> <span class='ocrx_word' id='word_1_14' title='bbox 1246 348 1734 401; x_wconf 84' lang='lat' dir='ltr'>adolescentulorum</span> 
     </span>
     <span class='ocr_line' id='line_1_4' title="bbox 303 426 1736 496; baseline 0.002 -16"><span class='ocrx_word' id='word_1_15' title='bbox 303 429 585 480; x_wconf 81' lang='lat' dir='ltr'>excitandas</span> <span class='ocrx_word' id='word_1_16' title='bbox 617 426 1044 478; x_wconf 88' lang='lat' dir='ltr'>accommodatus:</span> <span class='ocrx_word' id='word_1_17' title='bbox 1080 430 1173 496; x_wconf 80' lang='lat' dir='ltr'>qui</span> <span class='ocrx_word' id='word_1_18' title='bbox 1216 442 1276 479; x_wconf 90' lang='lat' dir='ltr'>ut</span> <span class='ocrx_word' id='word_1_19' title='bbox 1307 447 1357 480; x_wconf 89' lang='lat' dir='ltr'>se</span> <span class='ocrx_word' id='word_1_20' title='bbox 1388 431 1652 482; x_wconf 88' lang='lat' dir='ltr'>blanditiis</span> <span class='ocrx_word' id='word_1_21' title='bbox 1675 444 1736 483; x_wconf 21' lang='lat' dir='ltr'>vet</span> 
     </span>
     <span class='ocr_line' id='line_1_5' title="bbox 304 509 1736 582; baseline 0.001 -20"><span class='ocrx_word' id='word_1_22' title='bbox 304 509 718 562; x_wconf 81' lang='lat' dir='ltr'>assentationibus</span> <span class='ocrx_word' id='word_1_23' title='bbox 731 509 787 559; x_wconf 93' lang='lat' dir='ltr'>in</span> <span class='ocrx_word' id='word_1_24' title='bbox 803 510 974 560; x_wconf 87' lang='lat' dir='ltr'>Asuvii</span> <span class='ocrx_word' id='word_1_25' title='bbox 998 511 1415 562; x_wconf 82' lang='lat' dir='ltr'>consuetudinem</span> <span class='ocrx_word' id='word_1_26' title='bbox 1425 515 1627 582; x_wconf 81' lang='lat' dir='ltr'>penitus</span> <span class='ocrx_word' id='word_1_27' title='bbox 1642 514 1736 564; x_wconf 90' lang='lat' dir='ltr'>im-</span> 
     </span>
     <span class='ocr_line' id='line_1_6' title="bbox 303 593 1764 664; baseline 0.002 -21"><span class='ocrx_word' id='word_1_28' title='bbox 303 595 498 653; x_wconf 81' lang='lat' dir='ltr'>mersit,</span> <span class='ocrx_word' id='word_1_29' title='bbox 552 593 865 662; x_wconf 86' lang='lat' dir='ltr'>Oppianicus</span> <span class='ocrx_word' id='word_1_30' title='bbox 898 593 1142 643; x_wconf 89' lang='lat' dir='ltr'>continuo</span> <span class='ocrx_word' id='word_1_31' title='bbox 1174 610 1373 661; x_wconf 87' lang='lat' dir='ltr'>sperare</span> <span class='ocrx_word' id='word_1_32' title='bbox 1403 596 1595 664; x_wconf 75' lang='lat' dir='ltr'>coepit,</span> <span class='ocrx_word' id='word_1_33' title='bbox 1637 595 1764 646; x_wconf 81' lang='lat' dir='ltr'>hoc5</span> 
     </span>
     <span class='ocr_line' id='line_1_7' title="bbox 303 674 1735 743; baseline 0.001 -17"><span class='ocrx_word' id='word_1_34' title='bbox 303 694 352 726; x_wconf 88' lang='lat' dir='ltr'>se</span> <span class='ocrx_word' id='word_1_35' title='bbox 387 674 595 735; x_wconf 80' lang='lat' dir='ltr'>Avillio,</span> <span class='ocrx_word' id='word_1_36' title='bbox 636 686 895 742; x_wconf 84' lang='lat' dir='ltr'>tamquam</span> <span class='ocrx_word' id='word_1_37' title='bbox 929 675 1100 743; x_wconf 88' lang='lat' dir='ltr'>aliqua</span> <span class='ocrx_word' id='word_1_38' title='bbox 1133 676 1368 726; x_wconf 88' lang='lat' dir='ltr'>machina</span> <span class='ocrx_word' id='word_1_39' title='bbox 1400 677 1623 735; x_wconf 88' lang='lat' dir='ltr'>admota,</span> <span class='ocrx_word' id='word_1_40' title='bbox 1656 697 1735 728; x_wconf 87' lang='lat' dir='ltr'>ca-</span> 
     </span>
     <span class='ocr_line' id='line_1_8' title="bbox 303 756 1736 828; baseline 0.003 -22"><span class='ocrx_word' id='word_1_41' title='bbox 303 774 424 827; x_wconf 84' lang='lat' dir='ltr'>pere</span> <span class='ocrx_word' id='word_1_42' title='bbox 449 756 617 806; x_wconf 88' lang='lat' dir='ltr'>Asuvii</span> <span class='ocrx_word' id='word_1_43' title='bbox 651 756 1036 806; x_wconf 83' lang='lat' dir='ltr'>adolescentiam</span> <span class='ocrx_word' id='word_1_44' title='bbox 1067 771 1118 807; x_wconf 92' lang='lat' dir='ltr'>et</span> <span class='ocrx_word' id='word_1_45' title='bbox 1150 758 1376 808; x_wconf 85' lang='lat' dir='ltr'>fortunas</span> <span class='ocrx_word' id='word_1_46' title='bbox 1409 760 1515 810; x_wconf 90' lang='lat' dir='ltr'>eius</span> <span class='ocrx_word' id='word_1_47' title='bbox 1548 760 1736 828; x_wconf 84' lang='lat' dir='ltr'>patrias</span> 
     </span>
     <span class='ocr_line' id='line_1_9' title="bbox 303 840 1739 909; baseline 0.003 -22"><span class='ocrx_word' id='word_1_48' title='bbox 303 856 589 907; x_wconf 80' lang='lat' dir='ltr'>expugnare</span> <span class='ocrx_word' id='word_1_49' title='bbox 621 856 769 909; x_wconf 86' lang='lat' dir='ltr'>posse.</span> <span class='ocrx_word' id='word_1_50' title='bbox 835 840 980 889; x_wconf 81' lang='lat' dir='ltr'>Ratio</span> <span class='ocrx_word' id='word_1_51' title='bbox 1014 840 1287 907; x_wconf 82' lang='lat' dir='ltr'>excogitata</span> <span class='ocrx_word' id='word_1_52' title='bbox 1313 840 1486 890; x_wconf 86' lang='lat' dir='ltr'>Larini</span> <span class='ocrx_word' id='word_1_53' title='bbox 1519 854 1614 891; x_wconf 87' lang='lat' dir='ltr'>est:</span> <span class='ocrx_word' id='word_1_54' title='bbox 1658 858 1739 892; x_wconf 83' lang='lat' dir='ltr'>res</span> 
     </span>
     <span class='ocr_line' id='line_1_10' title="bbox 306 921 1738 973; baseline 0.003 -5"><span class='ocrx_word' id='word_1_55' title='bbox 306 922 544 969; x_wconf 89' lang='lat' dir='ltr'>translata</span> <span class='ocrx_word' id='word_1_56' title='bbox 562 924 793 972; x_wconf 89' lang='lat' dir='ltr'>Romam:</span> <span class='ocrx_word' id='word_1_57' title='bbox 831 921 954 970; x_wconf 88' lang='lat' dir='ltr'>iniri</span> <span class='ocrx_word' id='word_1_58' title='bbox 988 922 1125 971; x_wconf 88' lang='lat' dir='ltr'>enim</span> <span class='ocrx_word' id='word_1_59' title='bbox 1158 922 1425 972; x_wconf 90' lang='lat' dir='ltr'>consilium</span> <span class='ocrx_word' id='word_1_60' title='bbox 1457 922 1656 972; x_wconf 84' lang='lat' dir='ltr'>facilius</span> <span class='ocrx_word' id='word_1_61' title='bbox 1679 923 1738 973; x_wconf 88' lang='lat' dir='ltr'>in</span> 
     </span>
     <span class='ocr_line' id='line_1_11' title="bbox 303 1000 1792 1072; baseline 0.005 -22"><span class='ocrx_word' id='word_1_62' title='bbox 303 1000 601 1062; x_wconf 85' lang='lat' dir='ltr'>solitudine,</span> <span class='ocrx_word' id='word_1_63' title='bbox 647 1003 886 1072; x_wconf 87' lang='lat' dir='ltr'>perficere</span> <span class='ocrx_word' id='word_1_64' title='bbox 918 1021 1025 1053; x_wconf 92' lang='lat' dir='ltr'>rem</span> <span class='ocrx_word' id='word_1_65' title='bbox 1058 1004 1302 1054; x_wconf 87' lang='lat' dir='ltr'>eiusmodi</span> <span class='ocrx_word' id='word_1_66' title='bbox 1335 1004 1647 1055; x_wconf 88' lang='lat' dir='ltr'>commodius</span> <span class='ocrx_word' id='word_1_67' title='bbox 1679 1005 1792 1058; x_wconf 81' lang='lat' dir='ltr'>imo</span> 
     </span>
     <span class='ocr_line' id='line_1_12' title="bbox 303 1084 1737 1154; baseline 0.002 -22"><span class='ocrx_word' id='word_1_68' title='bbox 303 1084 455 1133; x_wconf 90' lang='lat' dir='ltr'>turba</span> <span class='ocrx_word' id='word_1_69' title='bbox 500 1102 637 1154; x_wconf 88' lang='lat' dir='ltr'>posse</span> <span class='ocrx_word' id='word_1_70' title='bbox 673 1085 908 1135; x_wconf 88' lang='lat' dir='ltr'>arbitrati</span> <span class='ocrx_word' id='word_1_71' title='bbox 950 1098 1081 1134; x_wconf 90' lang='lat' dir='ltr'>sunt.</span> <span class='ocrx_word' id='word_1_72' title='bbox 1147 1086 1359 1135; x_wconf 89' lang='lat' dir='ltr'>Asuvius</span> <span class='ocrx_word' id='word_1_73' title='bbox 1401 1104 1520 1135; x_wconf 91' lang='lat' dir='ltr'>cum</span> <span class='ocrx_word' id='word_1_74' title='bbox 1552 1086 1737 1135; x_wconf 82' lang='lat' dir='ltr'>Avillio</span> 
     </span>
     <span class='ocr_line' id='line_1_13' title="bbox 303 1167 1741 1237; baseline 0.001 -22"><span class='ocrx_word' id='word_1_75' title='bbox 303 1169 512 1215; x_wconf 90' lang='lat' dir='ltr'>Romam</span> <span class='ocrx_word' id='word_1_76' title='bbox 557 1180 628 1216; x_wconf 90' lang='lat' dir='ltr'>est</span> <span class='ocrx_word' id='word_1_77' title='bbox 671 1167 936 1236; x_wconf 89' lang='lat' dir='ltr'>profectus.</span> <span class='ocrx_word' id='word_1_78' title='bbox 1013 1170 1116 1217; x_wconf 92' lang='lat' dir='ltr'>Hos</span> <span class='ocrx_word' id='word_1_79' title='bbox 1159 1169 1373 1236; x_wconf 84' lang='lat' dir='ltr'>vestigiis</span> <span class='ocrx_word' id='word_1_80' title='bbox 1422 1168 1741 1237; x_wconf 83' lang='lat' dir='ltr'>Oppianicus</span> 
     </span>
     <span class='ocr_line' id='line_1_14' title="bbox 301 1249 1739 1317; baseline 0.002 -21"><span class='ocrx_word' id='word_1_81' title='bbox 301 1260 498 1297; x_wconf 88' lang='lat' dir='ltr'>secutus</span> <span class='ocrx_word' id='word_1_82' title='bbox 530 1261 612 1298; x_wconf 91' lang='lat' dir='ltr'>est.</span> <span class='ocrx_word' id='word_1_83' title='bbox 679 1252 786 1298; x_wconf 88' lang='lat' dir='ltr'>Iam</span> <span class='ocrx_word' id='word_1_84' title='bbox 819 1261 879 1298; x_wconf 92' lang='lat' dir='ltr'>ut</span> <span class='ocrx_word' id='word_1_85' title='bbox 912 1251 1096 1298; x_wconf 88' lang='lat' dir='ltr'>Romae</span> <span class='ocrx_word' id='word_1_86' title='bbox 1127 1249 1369 1308; x_wconf 85' lang='lat' dir='ltr'>vixerint,</span> <span class='ocrx_word' id='word_1_87' title='bbox 1402 1250 1590 1317; x_wconf 87' lang='lat' dir='ltr'>quibus</span> <span class='ocrx_word' id='word_1_88' title='bbox 1621 1268 1739 1300; x_wconf 89' lang='lat' dir='ltr'>con-</span> 
     </span>
     <span class='ocr_line' id='line_1_15' title="bbox 302 1327 1739 1399; baseline 0.003 -24"><span class='ocrx_word' id='word_1_89' title='bbox 302 1327 472 1386; x_wconf 89' lang='lat' dir='ltr'>viviis,</span> <span class='ocrx_word' id='word_1_90' title='bbox 517 1329 706 1396; x_wconf 86' lang='lat' dir='ltr'>quibus</span> <span class='ocrx_word' id='word_1_91' title='bbox 749 1328 972 1395; x_wconf 76' lang='lat' dir='ltr'>flagitiis,</span> <span class='ocrx_word' id='word_1_92' title='bbox 1014 1331 1219 1396; x_wconf 87' lang='lat' dir='ltr'>quantis</span> <span class='ocrx_word' id='word_1_93' title='bbox 1251 1342 1302 1379; x_wconf 90' lang='lat' dir='ltr'>et</span> <span class='ocrx_word' id='word_1_94' title='bbox 1333 1348 1489 1398; x_wconf 84' lang='lat' dir='ltr'>quam</span> <span class='ocrx_word' id='word_1_95' title='bbox 1521 1330 1739 1399; x_wconf 88' lang='lat' dir='ltr'>profusis</span> 
     </span>
     <span class='ocr_line' id='line_1_16' title="bbox 302 1407 1806 1478; baseline 0.001 -20"><span class='ocrx_word' id='word_1_96' title='bbox 302 1410 613 1478; x_wconf 85' lang='lat' dir='ltr'>sumptibus,</span> <span class='ocrx_word' id='word_1_97' title='bbox 649 1428 754 1460; x_wconf 84' lang='lat' dir='ltr'>non</span> <span class='ocrx_word' id='word_1_98' title='bbox 788 1410 937 1460; x_wconf 84' lang='lat' dir='ltr'>modo</span> <span class='ocrx_word' id='word_1_99' title='bbox 972 1413 1191 1468; x_wconf 89' lang='lat' dir='ltr'>conscio,</span> <span class='ocrx_word' id='word_1_100' title='bbox 1230 1410 1316 1460; x_wconf 92' lang='lat' dir='ltr'>sed</span> <span class='ocrx_word' id='word_1_101' title='bbox 1347 1411 1500 1460; x_wconf 87' lang='lat' dir='ltr'>etiam</span> <span class='ocrx_word' id='word_1_102' title='bbox 1531 1407 1806 1462; x_wconf 68' lang='lat' dir='ltr'>convivaifi‘</span> 
     </span>
     <span class='ocr_line' id='line_1_17' title="bbox 295 1491 1740 1563; baseline 0.002 -23"><span class='ocrx_word' id='word_1_103' title='bbox 295 1503 347 1541; x_wconf 88' lang='lat' dir='ltr'>et</span> <span class='ocrx_word' id='word_1_104' title='bbox 391 1491 623 1542; x_wconf 88' lang='lat' dir='ltr'>adiutore</span> <span class='ocrx_word' id='word_1_105' title='bbox 649 1492 972 1563; x_wconf 65' lang='lat' dir='ltr'>pppianico‚</span> <span class='ocrx_word' id='word_1_106' title='bbox 1033 1494 1245 1560; x_wconf 79' lang='lat' dir='ltr'>longum</span> <span class='ocrx_word' id='word_1_107' title='bbox 1289 1505 1360 1543; x_wconf 89' lang='lat' dir='ltr'>est</span> <span class='ocrx_word' id='word_1_108' title='bbox 1402 1491 1568 1541; x_wconf 83' lang='lat' dir='ltr'>dicere</span> <span class='ocrx_word' id='word_1_109' title='bbox 1607 1493 1740 1544; x_wconf 70' lang='lat' dir='ltr'>mihi</span> 
     </span>
     <span class='ocr_line' id='line_1_18' title="bbox 295 1563 1740 1645; baseline 0.003 -24"><span class='ocrx_word' id='word_1_110' title='bbox 295 1575 592 1642; x_wconf 85' lang='lat' dir='ltr'>praesertim</span> <span class='ocrx_word' id='word_1_111' title='bbox 625 1563 693 1624; x_wconf 67' lang='lat' dir='ltr'>ad</span> <span class='ocrx_word' id='word_1_112' title='bbox 723 1575 820 1623; x_wconf 88' lang='lat' dir='ltr'>alia</span> <span class='ocrx_word' id='word_1_113' title='bbox 857 1577 1167 1645; x_wconf 86' lang='lat' dir='ltr'>properanti.</span> <span class='ocrx_word' id='word_1_114' title='bbox 1234 1573 1441 1624; x_wconf 85' lang='lat' dir='ltr'>Exitum</span> <span class='ocrx_word' id='word_1_115' title='bbox 1481 1574 1637 1624; x_wconf 90' lang='lat' dir='ltr'>huius</span> <span class='ocrx_word' id='word_1_116' title='bbox 1667 1593 1740 1625; x_wconf 81' lang='lat' dir='ltr'>as·-</span> 
     </span>
     <span class='ocr_line' id='line_1_19' title="bbox 221 1655 1740 1725; baseline 0.001 -21"><span class='ocrx_word' id='word_1_117' title='bbox 221 1665 269 1718; x_wconf 78' lang='lat'>37</span> <span class='ocrx_word' id='word_1_118' title='bbox 301 1656 564 1706; x_wconf 85' lang='lat' dir='ltr'>simulatae</span> <span class='ocrx_word' id='word_1_119' title='bbox 613 1655 972 1706; x_wconf 86' lang='lat' dir='ltr'>familiaritatis</span> <span class='ocrx_word' id='word_1_120' title='bbox 1019 1657 1310 1725; x_wconf 84' lang='lat' dir='ltr'>cognoscite.</span> <span class='ocrx_word' id='word_1_121' title='bbox 1393 1656 1570 1720; x_wconf 90' lang='lat' dir='ltr'>Quum</span> <span class='ocrx_word' id='word_1_122' title='bbox 1618 1669 1740 1706; x_wconf 88' lang='lat' dir='ltr'>esset</span> 
     </span>
     <span class='ocr_line' id='line_1_20' title="bbox 302 1737 1738 1809; baseline 0.001 -23"><span class='ocrx_word' id='word_1_123' title='bbox 302 1737 584 1789; x_wconf 87' lang='lat' dir='ltr'>adolescens</span> <span class='ocrx_word' id='word_1_124' title='bbox 618 1739 757 1809; x_wconf 87' lang='lat' dir='ltr'>apud</span> <span class='ocrx_word' id='word_1_125' title='bbox 789 1740 1145 1789; x_wconf 73' lang='lat' dir='ltr'>mulierculam</span> <span class='ocrx_word' id='word_1_126' title='bbox 1183 1737 1442 1806; x_wconf 78' lang='lat' dir='ltr'>quandam</span> <span class='ocrx_word' id='word_1_127' title='bbox 1475 1751 1634 1806; x_wconf 85' lang='lat' dir='ltr'>atque</span> <span class='ocrx_word' id='word_1_128' title='bbox 1664 1739 1738 1788; x_wconf 81' lang='lat' dir='ltr'>ibi</span> 
     </span>
     <span class='ocr_line' id='line_1_21' title="bbox 292 1820 1792 1946; baseline 0.004 -77"><span class='ocrx_word' id='word_1_129' title='bbox 292 1834 639 1903; x_wconf 80' lang='lat' dir='ltr'>pernoctaret,</span> <span class='ocrx_word' id='word_1_130' title='bbox 702 1822 775 1870; x_wconf 91' lang='lat' dir='ltr'>ibi</span> <span class='ocrx_word' id='word_1_131' title='bbox 823 1821 958 1872; x_wconf 88' lang='lat' dir='ltr'>diem</span> <span class='ocrx_word' id='word_1_132' title='bbox 1008 1833 1265 1891; x_wconf 88' lang='lat' dir='ltr'>posterum</span> <span class='ocrx_word' id='word_1_133' title='bbox 1313 1820 1792 1946; x_wconf 42' lang='lat' dir='ltr'>comaereturfio</span> 
     </span>
    </p>
   </div>
   <div class='ocr_carea' id='block_1_3' title="bbox 404 1927 1739 2036">
    <p class='ocr_par' dir='ltr' id='par_1_3' title="bbox 404 1927 1739 2036">
     <span class='ocr_line' id='line_1_22' title="bbox 405 1927 1739 1982; baseline 0.002 -16"><span class='ocrx_word' id='word_1_134' title='bbox 405 1942 447 1982; x_wconf 90' lang='lat'>9.</span> <span class='ocrx_word' id='word_1_135' title='bbox 475 1929 581 1967; x_wconf 89' lang='lat' dir='ltr'>enim</span> <span class='ocrx_word' id='word_1_136' title='bbox 603 1928 645 1968; x_wconf 89' lang='lat' dir='ltr'>id</span> <span class='ocrx_word' id='word_1_137' title='bbox 675 1927 888 1968; x_wconf 89' lang='lat' dir='ltr'>consilium</span> <span class='ocrx_word' id='word_1_138' title='bbox 1004 1930 1066 1968; x_wconf 87' lang='grc'>13.</span> <span class='ocrx_word' id='word_1_139' title='bbox 1099 1934 1332 1968; x_wconf 79' lang='lat' dir='ltr'>consecutus</span> <span class='ocrx_word' id='word_1_140' title='bbox 1359 1935 1418 1968; x_wconf 86' lang='lat' dir='ltr'>est</span> <span class='ocrx_word' id='word_1_141' title='bbox 1544 1928 1606 1969; x_wconf 87' lang='grc'>16.</span> <span class='ocrx_word' id='word_1_142' title='bbox 1639 1929 1739 1969; x_wconf 90' lang='lat' dir='ltr'>mihi</span> 
     </span>
     <span class='ocr_line' id='line_1_23' title="bbox 404 1983 1191 2036; baseline -0.001 -14"><span class='ocrx_word' id='word_1_143' title='bbox 404 1983 537 2023; x_wconf 87' lang='lat' dir='ltr'>dicere</span> <span class='ocrx_word' id='word_1_144' title='bbox 636 1997 704 2023; x_wconf 86' lang='lat'>20.</span> <span class='ocrx_word' id='word_1_145' title='bbox 733 1991 774 2024; x_wconf 91' lang='lat' dir='ltr'>et</span> <span class='ocrx_word' id='word_1_146' title='bbox 796 1984 851 2023; x_wconf 89' lang='lat' dir='ltr'>ibi</span> <span class='ocrx_word' id='word_1_147' title='bbox 880 1983 1052 2036; x_wconf 89' lang='lat' dir='ltr'>(ibidem)</span> <span class='ocrx_word' id='word_1_148' title='bbox 1084 1983 1191 2022; x_wconf 88' lang='lat' dir='ltr'>diem</span> 
     </span>
    </p>
   </div>
   <div class='ocr_carea' id='block_1_4' title="bbox 294 2058 1740 2293">
    <p class='ocr_par' dir='ltr' id='par_1_4' title="bbox 294 2058 1740 2293">
     <span class='ocr_line' id='line_1_24' title="bbox 295 2058 1740 2101; baseline 0.002 -10"><span class='ocrx_word' id='word_1_149' title='bbox 295 2058 433 2092; x_wconf 81' lang='lat' dir='ltr'>Avilius</span> <span class='ocrx_word' id='word_1_150' title='bbox 452 2060 468 2093; x_wconf 78' lang='lat' dir='ltr'><em>i</em></span> <span class='ocrx_word' id='word_1_151' title='bbox 511 2060 670 2094; x_wconf 87' lang='lat' dir='ltr'>Aurilius</span> <span class='ocrx_word' id='word_1_152' title='bbox 698 2060 712 2095; x_wconf 86' lang='lat' dir='ltr'><strong><em>l</em></strong></span> <span class='ocrx_word' id='word_1_153' title='bbox 769 2060 917 2095; x_wconf 78' lang='lat' dir='ltr'>Avulius</span> <span class='ocrx_word' id='word_1_154' title='bbox 943 2072 976 2093; x_wconf 81' lang='lat' dir='ltr'>w</span> <span class='ocrx_word' id='word_1_155' title='bbox 1031 2059 1194 2092; x_wconf 79' lang='lat' dir='ltr'>Avullius</span> <span class='ocrx_word' id='word_1_156' title='bbox 1222 2071 1242 2101; x_wconf 87' lang='grc' dir='ltr'><strong><em>η</em></strong></span> <span class='ocrx_word' id='word_1_157' title='bbox 1295 2059 1440 2093; x_wconf 84' lang='lat' dir='ltr'>Arulius</span> <span class='ocrx_word' id='word_1_158' title='bbox 1467 2070 1491 2092; x_wconf 82' lang='grc' dir='ltr'><strong>α</strong></span> <span class='ocrx_word' id='word_1_159' title='bbox 1546 2059 1684 2094; x_wconf 82' lang='lat' dir='ltr'>Avilius</span> <span class='ocrx_word' id='word_1_160' title='bbox 1706 2060 1740 2094; x_wconf 77' lang='lat' dir='ltr'><strong><em>R</em></strong></span> 
     </span>
     <span class='ocr_line' id='line_1_25' title="bbox 294 2105 1730 2151; baseline 0.001 -13"><span class='ocrx_word' id='word_1_161' title='bbox 294 2105 397 2150; x_wconf 82' lang='lat' dir='ltr'>vulg.</span> <span class='ocrx_word' id='word_1_162' title='bbox 546 2119 572 2141; x_wconf 89' lang='grc' dir='ltr'>ι.</span> <span class='ocrx_word' id='word_1_163' title='bbox 598 2107 728 2140; x_wconf 85' lang='lat' dir='ltr'>Larino</span> <span class='ocrx_word' id='word_1_164' title='bbox 753 2106 865 2141; x_wconf 85' lang='lat' dir='ltr'>ABG</span> <span class='ocrx_word' id='word_1_165' title='bbox 908 2106 1050 2150; x_wconf 84' lang='lat' dir='ltr'>perdito</span> <span class='ocrx_word' id='word_1_166' title='bbox 1076 2119 1101 2140; x_wconf 82' lang='lat' dir='ltr'>a</span> <span class='ocrx_word' id='word_1_167' title='bbox 1147 2106 1347 2151; x_wconf 85' lang='lat' dir='ltr'>nequitiam</span> <span class='ocrx_word' id='word_1_168' title='bbox 1377 2106 1406 2140; x_wconf 89' lang='lat' dir='ltr'><em>C</em></span> <span class='ocrx_word' id='word_1_169' title='bbox 1535 2108 1568 2142; x_wconf 84' lang='lat'>3.</span> <span class='ocrx_word' id='word_1_170' title='bbox 1594 2107 1730 2140; x_wconf 28' lang='lat' dir='ltr'>exercit</span> 
     </span>
     <span class='ocr_line' id='line_1_26' title="bbox 295 2151 1737 2201; baseline 0.002 -18"><span class='ocrx_word' id='word_1_171' title='bbox 295 2152 424 2185; x_wconf 78' lang='lat' dir='ltr'>tandas</span> <span class='ocrx_word' id='word_1_172' title='bbox 451 2153 480 2186; x_wconf 88' lang='lat' dir='ltr'><strong><em>C</em></strong></span> <span class='ocrx_word' id='word_1_173' title='bbox 523 2154 814 2187; x_wconf 84' lang='lat' dir='ltr'>accommodatus</span> <span class='ocrx_word' id='word_1_174' title='bbox 838 2155 884 2186; x_wconf 83' lang='lat'>11</span> <span class='ocrx_word' id='word_1_175' title='bbox 905 2155 978 2201; x_wconf 81' lang='lat' dir='ltr'>(pr.</span> <span class='ocrx_word' id='word_1_176' title='bbox 1000 2153 1028 2186; x_wconf 91' lang='lat' dir='ltr'><strong><em>C</em></strong></span> <span class='ocrx_word' id='word_1_177' title='bbox 1046 2152 1089 2187; x_wconf 83' lang='lat' dir='ltr'>de</span> <span class='ocrx_word' id='word_1_178' title='bbox 1115 2163 1186 2200; x_wconf 82' lang='lat' dir='ltr'>quo</span> <span class='ocrx_word' id='word_1_179' title='bbox 1208 2151 1413 2195; x_wconf 49' lang='lat' dir='ltr'>dubitata&amp;</span> <span class='ocrx_word' id='word_1_180' title='bbox 1439 2151 1588 2197; x_wconf 77' lang='grc' dir='ltr'><em>αγδεζ</em></span> <span class='ocrx_word' id='word_1_181' title='bbox 1606 2166 1626 2194; x_wconf 87' lang='grc' dir='ltr'><em>η</em></span> <span class='ocrx_word' id='word_1_182' title='bbox 1675 2164 1737 2186; x_wconf 86' lang='lat' dir='ltr'>ae—</span> 
     </span>
     <span class='ocr_line' id='line_1_27' title="bbox 298 2198 1736 2246; baseline 0.001 -16"><span class='ocrx_word' id='word_1_183' title='bbox 298 2199 519 2232; x_wconf 84' lang='lat' dir='ltr'>commodata</span> <span class='ocrx_word' id='word_1_184' title='bbox 548 2200 577 2234; x_wconf 84' lang='lat' dir='ltr'><em>C</em></span> <span class='ocrx_word' id='word_1_185' title='bbox 606 2201 699 2241; x_wconf 79' lang='lat' dir='ltr'>(nisi</span> <span class='ocrx_word' id='word_1_186' title='bbox 709 2199 813 2246; x_wconf 75' lang='lat' dir='ltr'>forte</span> <span class='ocrx_word' id='word_1_187' title='bbox 838 2198 871 2233; x_wconf 76' lang='lat' dir='ltr'>h.</span> <span class='ocrx_word' id='word_1_188' title='bbox 898 2200 924 2238; x_wconf 84' lang='lat' dir='ltr'>l.</span> <span class='ocrx_word' id='word_1_189' title='bbox 948 2201 1104 2244; x_wconf 74' lang='lat' dir='ltr'>Peyron.</span> <span class='ocrx_word' id='word_1_190' title='bbox 1134 2200 1350 2233; x_wconf 76' lang='lat' dir='ltr'>varietatem</span> <span class='ocrx_word' id='word_1_191' title='bbox 1381 2199 1550 2232; x_wconf 77' lang='lat' dir='ltr'>lectionis</span> <span class='ocrx_word' id='word_1_192' title='bbox 1587 2207 1736 2233; x_wconf 81' lang='lat' dir='ltr'>enotare</span> 
     </span>
     <span class='ocr_line' id='line_1_28' title="bbox 296 2244 1736 2293; baseline 0.001 -15"><span class='ocrx_word' id='word_1_193' title='bbox 296 2244 515 2291; x_wconf 75' lang='lat' dir='ltr'>supersedit)</span> <span class='ocrx_word' id='word_1_194' title='bbox 538 2249 566 2279; x_wconf 77' lang='grc' dir='ltr'><em>θ</em></span> <span class='ocrx_word' id='word_1_195' title='bbox 580 2258 601 2279; x_wconf 86' lang='grc' dir='ltr'><em>κ</em></span> <span class='ocrx_word' id='word_1_196' title='bbox 617 2248 637 2279; x_wconf 80' lang='grc' dir='ltr'><strong><em>λ</em></strong></span> <span class='ocrx_word' id='word_1_197' title='bbox 648 2259 678 2293; x_wconf 85' lang='grc' dir='ltr'>μ</span> <span class='ocrx_word' id='word_1_198' title='bbox 690 2248 768 2286; x_wconf 80' lang='grc' dir='ltr'>γ’ξο</span> <span class='ocrx_word' id='word_1_199' title='bbox 784 2256 812 2278; x_wconf 85' lang='grc' dir='ltr'><em>π</em></span> <span class='ocrx_word' id='word_1_200' title='bbox 824 2257 844 2291; x_wconf 81' lang='grc' dir='ltr'><em>ρ</em></span> <span class='ocrx_word' id='word_1_201' title='bbox 860 2254 911 2279; x_wconf 79' lang='lat' dir='ltr'>ot</span> <span class='ocrx_word' id='word_1_202' title='bbox 1021 2245 1054 2290; x_wconf 94' lang='lat'>4.</span> <span class='ocrx_word' id='word_1_203' title='bbox 1081 2245 1392 2280; x_wconf 84' lang='lat' dir='ltr'>absentationibus</span> <span class='ocrx_word' id='word_1_204' title='bbox 1416 2246 1476 2280; x_wconf 87' lang='lat' dir='ltr'>Bb</span> <span class='ocrx_word' id='word_1_205' title='bbox 1487 2257 1505 2279; x_wconf 93' lang='lat' dir='ltr'>c</span> <span class='ocrx_word' id='word_1_206' title='bbox 1519 2256 1544 2277; x_wconf 83' lang='grc' dir='ltr'><strong><em>α</em></strong></span> <span class='ocrx_word' id='word_1_207' title='bbox 1647 2247 1736 2279; x_wconf 88' lang='lat' dir='ltr'>Asui</span> 
     </span>
    </p>
   </div>
   <div class='ocr_carea' id='block_1_5' title="bbox 292 2291 1742 2710">
    <p class='ocr_par' dir='ltr' id='par_1_5' title="bbox 292 2291 1742 2710">
     <span class='ocr_line' id='line_1_29' title="bbox 300 2291 1742 2339; baseline 0.001 -15"><span class='ocrx_word' id='word_1_208' title='bbox 300 2291 330 2324; x_wconf 86' lang='lat' dir='ltr'><strong><em>C</em></strong></span> <span class='ocrx_word' id='word_1_209' title='bbox 420 2292 544 2326; x_wconf 84' lang='lat' dir='ltr'>Asuivi</span> <span class='ocrx_word' id='word_1_210' title='bbox 568 2294 653 2339; x_wconf 78' lang='lat' dir='ltr'>Bpt</span> <span class='ocrx_word' id='word_1_211' title='bbox 742 2294 840 2327; x_wconf 80' lang='lat' dir='ltr'>Ascii</span> <span class='ocrx_word' id='word_1_212' title='bbox 863 2295 894 2327; x_wconf 85' lang='lat' dir='ltr'><em>A</em></span> <span class='ocrx_word' id='word_1_213' title='bbox 941 2292 1069 2326; x_wconf 86' lang='lat' dir='ltr'>Asimii</span> <span class='ocrx_word' id='word_1_214' title='bbox 1093 2291 1148 2325; x_wconf 82' lang='lat' dir='ltr'>ho</span> <span class='ocrx_word' id='word_1_215' title='bbox 1287 2305 1317 2338; x_wconf 85' lang='lat'>7.</span> <span class='ocrx_word' id='word_1_216' title='bbox 1344 2293 1465 2327; x_wconf 75' lang='lat' dir='ltr'>Asuvii</span> <span class='ocrx_word' id='word_1_217' title='bbox 1488 2299 1540 2338; x_wconf 78' lang='lat' dir='ltr'>pt</span> <span class='ocrx_word' id='word_1_218' title='bbox 1595 2293 1680 2325; x_wconf 80' lang='lat' dir='ltr'>Asui</span> <span class='ocrx_word' id='word_1_219' title='bbox 1709 2293 1742 2325; x_wconf 84' lang='lat' dir='ltr'>C·</span> 
     </span>
     <span class='ocr_line' id='line_1_30' title="bbox 295 2337 1737 2391; baseline 0.001 -21"><span class='ocrx_word' id='word_1_220' title='bbox 295 2337 395 2370; x_wconf 83' lang='lat' dir='ltr'>Ascii</span> <span class='ocrx_word' id='word_1_221' title='bbox 419 2339 489 2373; x_wconf 85' lang='lat' dir='ltr'>AB</span> <span class='ocrx_word' id='word_1_222' title='bbox 599 2352 632 2384; x_wconf 90' lang='lat'>9.</span> <span class='ocrx_word' id='word_1_223' title='bbox 658 2340 752 2373; x_wconf 83' lang='lat' dir='ltr'>inire</span> <span class='ocrx_word' id='word_1_224' title='bbox 781 2338 1153 2391; x_wconf 78' lang='lat' dir='ltr'>deesghknoqt</span> <span class='ocrx_word' id='word_1_225' title='bbox 1209 2338 1306 2372; x_wconf 87' lang='lat' dir='ltr'>enim</span> <span class='ocrx_word' id='word_1_226' title='bbox 1330 2338 1521 2373; x_wconf 86' lang='lat' dir='ltr'>consilium</span> <span class='ocrx_word' id='word_1_227' title='bbox 1545 2337 1737 2385; x_wconf 77' lang='lat' dir='ltr'>ABdesg</span> 
     </span>
     <span class='ocr_line' id='line_1_31' title="bbox 296 2382 1737 2432; baseline 0.001 -16"><span class='ocrx_word' id='word_1_228' title='bbox 296 2382 487 2432; x_wconf 76' lang='lat' dir='ltr'>himnop</span> <span class='ocrx_word' id='word_1_229' title='bbox 535 2397 583 2420; x_wconf 82' lang='lat' dir='ltr'>rs</span> <span class='ocrx_word' id='word_1_230' title='bbox 599 2394 729 2420; x_wconf 80' lang='lat' dir='ltr'>tuvw</span> <span class='ocrx_word' id='word_1_231' title='bbox 799 2386 897 2420; x_wconf 89' lang='lat' dir='ltr'>enim</span> <span class='ocrx_word' id='word_1_232' title='bbox 922 2385 961 2418; x_wconf 88' lang='lat' dir='ltr'>id</span> <span class='ocrx_word' id='word_1_233' title='bbox 985 2386 1174 2419; x_wconf 81' lang='lat' dir='ltr'>consihum</span> <span class='ocrx_word' id='word_1_234' title='bbox 1197 2386 1267 2420; x_wconf 80' lang='lat' dir='ltr'>Ro</span> <span class='ocrx_word' id='word_1_235' title='bbox 1387 2397 1438 2419; x_wconf 86' lang='lat'>10.</span> <span class='ocrx_word' id='word_1_236' title='bbox 1463 2385 1634 2428; x_wconf 85' lang='lat' dir='ltr'>perficere</span> <span class='ocrx_word' id='word_1_237' title='bbox 1660 2396 1737 2418; x_wconf 80' lang='lat' dir='ltr'>rem</span> 
     </span>
     <span class='ocr_line' id='line_1_32' title="bbox 294 2429 1739 2478; baseline 0 -14"><span class='ocrx_word' id='word_1_238' title='bbox 294 2431 366 2465; x_wconf 82' lang='lat' dir='ltr'>AB</span> <span class='ocrx_word' id='word_1_239' title='bbox 382 2431 409 2464; x_wconf 92' lang='lat' dir='ltr'><em>C</em></span> <span class='ocrx_word' id='word_1_240' title='bbox 422 2429 472 2465; x_wconf 86' lang='lat' dir='ltr'>de</span> <span class='ocrx_word' id='word_1_241' title='bbox 507 2431 669 2478; x_wconf 77' lang='lat' dir='ltr'>ghkmn</span> <span class='ocrx_word' id='word_1_242' title='bbox 682 2444 704 2466; x_wconf 90' lang='lat' dir='ltr'>o</span> <span class='ocrx_word' id='word_1_243' title='bbox 719 2431 881 2476; x_wconf 72' lang='grc' dir='ltr'><strong><em>βδεζηι</em></strong></span> <span class='ocrx_word' id='word_1_244' title='bbox 895 2444 916 2465; x_wconf 84' lang='grc' dir='ltr'><strong><em>τ</em></strong></span> <span class='ocrx_word' id='word_1_245' title='bbox 974 2433 1146 2477; x_wconf 82' lang='lat' dir='ltr'>perficere</span> <span class='ocrx_word' id='word_1_246' title='bbox 1170 2434 1254 2474; x_wconf 81' lang='lat' dir='ltr'>(om.</span> <span class='ocrx_word' id='word_1_247' title='bbox 1280 2435 1371 2476; x_wconf 78' lang='lat' dir='ltr'>rem)</span> <span class='ocrx_word' id='word_1_248' title='bbox 1399 2431 1454 2465; x_wconf 82' lang='lat' dir='ltr'>ab</span> <span class='ocrx_word' id='word_1_249' title='bbox 1467 2431 1576 2478; x_wconf 82' lang='lat' dir='ltr'>cipq</span> <span class='ocrx_word' id='word_1_250' title='bbox 1591 2439 1739 2475; x_wconf 63' lang='grc' dir='ltr'>νειμα-</span> 
     </span>
     <span class='ocr_line' id='line_1_33' title="bbox 292 2476 1735 2524; baseline 0.003 -15"><span class='ocrx_word' id='word_1_251' title='bbox 292 2478 467 2521; x_wconf 86' lang='lat' dir='ltr'>proficere</span> <span class='ocrx_word' id='word_1_252' title='bbox 495 2492 528 2512; x_wconf 87' lang='lat' dir='ltr'>w</span> <span class='ocrx_word' id='word_1_253' title='bbox 576 2480 700 2523; x_wconf 84' lang='lat' dir='ltr'>perfici</span> <span class='ocrx_word' id='word_1_254' title='bbox 724 2489 799 2512; x_wconf 88' lang='lat' dir='ltr'>rem</span> <span class='ocrx_word' id='word_1_255' title='bbox 824 2479 910 2524; x_wconf 83' lang='grc' dir='ltr'>κλμ</span> <span class='ocrx_word' id='word_1_256' title='bbox 928 2481 1047 2519; x_wconf 79' lang='grc' dir='ltr'><em>νξοπ</em></span> <span class='ocrx_word' id='word_1_257' title='bbox 1063 2487 1118 2523; x_wconf 85' lang='grc' dir='ltr'>ρσ</span> <span class='ocrx_word' id='word_1_258' title='bbox 1224 2490 1276 2514; x_wconf 84' lang='grc'>11.</span> <span class='ocrx_word' id='word_1_259' title='bbox 1302 2479 1452 2512; x_wconf 79' lang='lat' dir='ltr'>Asuvius</span> <span class='ocrx_word' id='word_1_260' title='bbox 1483 2476 1624 2522; x_wconf 77' lang='lat' dir='ltr'>ABcp</span> <span class='ocrx_word' id='word_1_261' title='bbox 1651 2478 1735 2513; x_wconf 81' lang='lat' dir='ltr'>rell.</span> 
     </span>
     <span class='ocr_line' id='line_1_34' title="bbox 292 2524 1735 2572; baseline 0.001 -16"><span class='ocrx_word' id='word_1_262' title='bbox 292 2525 400 2557; x_wconf 83' lang='lat' dir='ltr'>varie</span> <span class='ocrx_word' id='word_1_263' title='bbox 425 2524 635 2572; x_wconf 78' lang='lat' dir='ltr'>discrepant</span> <span class='ocrx_word' id='word_1_264' title='bbox 681 2526 737 2559; x_wconf 86' lang='lat' dir='ltr'>As.</span> <span class='ocrx_word' id='word_1_265' title='bbox 762 2537 845 2559; x_wconf 87' lang='lat' dir='ltr'>vero</span> <span class='ocrx_word' id='word_1_266' title='bbox 872 2534 926 2557; x_wconf 85' lang='grc' dir='ltr'>αε</span> <span class='ocrx_word' id='word_1_267' title='bbox 979 2539 1028 2560; x_wconf 81' lang='lat'>12.</span> <span class='ocrx_word' id='word_1_268' title='bbox 1054 2525 1138 2568; x_wconf 90' lang='lat' dir='ltr'>hos]</span> <span class='ocrx_word' id='word_1_269' title='bbox 1165 2524 1296 2570; x_wconf 87' lang='lat' dir='ltr'>quibus</span> <span class='ocrx_word' id='word_1_270' title='bbox 1322 2536 1345 2557; x_wconf 84' lang='grc' dir='ltr'>α</span> <span class='ocrx_word' id='word_1_271' title='bbox 1397 2525 1447 2558; x_wconf 81' lang='grc'>13.</span> <span class='ocrx_word' id='word_1_272' title='bbox 1468 2524 1735 2558; x_wconf 75' lang='lat' dir='ltr'>secutusABa</span> 
     </span>
     <span class='ocr_line' id='line_1_35' title="bbox 293 2568 1734 2617; baseline 0.001 -15"><span class='ocrx_word' id='word_1_273' title='bbox 293 2568 347 2602; x_wconf 79' lang='lat' dir='ltr'>bc</span> <span class='ocrx_word' id='word_1_274' title='bbox 362 2571 510 2617; x_wconf 67' lang='grc' dir='ltr'><strong><em>ι’ᾳαες</em></strong></span> <span class='ocrx_word' id='word_1_275' title='bbox 654 2578 865 2606; x_wconf 81' lang='lat' dir='ltr'>consecutus</span> <span class='ocrx_word' id='word_1_276' title='bbox 897 2573 927 2606; x_wconf 83' lang='lat' dir='ltr'><em>R</em></span> <span class='ocrx_word' id='word_1_277' title='bbox 951 2573 1050 2616; x_wconf 70' lang='lat' dir='ltr'>vulg.</span> <span class='ocrx_word' id='word_1_278' title='bbox 1172 2577 1212 2604; x_wconf 87' lang='lat' dir='ltr'>ut</span> <span class='ocrx_word' id='word_1_279' title='bbox 1234 2569 1380 2617; x_wconf 81' lang='lat' dir='ltr'>Romae]</span> <span class='ocrx_word' id='word_1_280' title='bbox 1407 2581 1478 2615; x_wconf 89' lang='lat' dir='ltr'>qua</span> <span class='ocrx_word' id='word_1_281' title='bbox 1503 2570 1646 2603; x_wconf 83' lang='lat' dir='ltr'>ratione</span> <span class='ocrx_word' id='word_1_282' title='bbox 1675 2582 1734 2616; x_wconf 72' lang='lat' dir='ltr'>aq</span> 
     </span>
     <span class='ocr_line' id='line_1_36' title="bbox 293 2614 1733 2663; baseline 0.001 -16"><span class='ocrx_word' id='word_1_283' title='bbox 293 2614 426 2660; x_wconf 84' lang='lat' dir='ltr'>quibus</span> <span class='ocrx_word' id='word_1_284' title='bbox 453 2619 625 2652; x_wconf 79' lang='lat' dir='ltr'>conviviis</span> <span class='ocrx_word' id='word_1_285' title='bbox 651 2631 718 2655; x_wconf 86' lang='lat' dir='ltr'>om.</span> <span class='ocrx_word' id='word_1_286' title='bbox 736 2619 805 2652; x_wconf 76' lang='lat' dir='ltr'>AB</span> <span class='ocrx_word' id='word_1_287' title='bbox 818 2617 867 2657; x_wconf 73' lang='grc' dir='ltr'>δζ</span> <span class='ocrx_word' id='word_1_288' title='bbox 881 2627 903 2650; x_wconf 93' lang='grc' dir='ltr'>σ</span> <span class='ocrx_word' id='word_1_289' title='bbox 999 2620 1049 2653; x_wconf 83' lang='lat'>16.</span> <span class='ocrx_word' id='word_1_290' title='bbox 1075 2618 1194 2652; x_wconf 81' lang='lat' dir='ltr'>dicere</span> <span class='ocrx_word' id='word_1_291' title='bbox 1223 2617 1313 2652; x_wconf 86' lang='lat' dir='ltr'>mihi</span> <span class='ocrx_word' id='word_1_292' title='bbox 1337 2615 1476 2652; x_wconf 78' lang='lat' dir='ltr'>ABCa</span> <span class='ocrx_word' id='word_1_293' title='bbox 1490 2616 1510 2649; x_wconf 83' lang='lat' dir='ltr'><em>b</em></span> <span class='ocrx_word' id='word_1_294' title='bbox 1528 2626 1614 2663; x_wconf 84' lang='lat' dir='ltr'>cpq</span> <span class='ocrx_word' id='word_1_295' title='bbox 1629 2628 1672 2649; x_wconf 78' lang='lat' dir='ltr'>rs</span> <span class='ocrx_word' id='word_1_296' title='bbox 1686 2624 1733 2649; x_wconf 82' lang='lat' dir='ltr'>tu</span> 
     </span>
     <span class='ocr_line' id='line_1_37' title="bbox 293 2662 1738 2710; baseline 0.001 -16"><span class='ocrx_word' id='word_1_297' title='bbox 293 2672 352 2695; x_wconf 83' lang='grc' dir='ltr'>αν</span> <span class='ocrx_word' id='word_1_298' title='bbox 419 2663 510 2697; x_wconf 87' lang='lat' dir='ltr'>mihi</span> <span class='ocrx_word' id='word_1_299' title='bbox 533 2665 652 2699; x_wconf 80' lang='lat' dir='ltr'>dicere</span> <span class='ocrx_word' id='word_1_300' title='bbox 676 2666 706 2699; x_wconf 88' lang='lat' dir='ltr'>R</span> <span class='ocrx_word' id='word_1_301' title='bbox 723 2665 824 2710; x_wconf 76' lang='lat' dir='ltr'>vulg.</span> <span class='ocrx_word' id='word_1_302' title='bbox 958 2677 1009 2710; x_wconf 88' lang='lat'>¹7·</span> <span class='ocrx_word' id='word_1_303' title='bbox 1036 2665 1112 2698; x_wconf 86' lang='lat' dir='ltr'>eius</span> <span class='ocrx_word' id='word_1_304' title='bbox 1137 2673 1154 2696; x_wconf 83' lang='grc' dir='ltr'><em>ε</em></span> <span class='ocrx_word' id='word_1_305' title='bbox 1278 2676 1329 2710; x_wconf 85' lang='grc'>19.</span> <span class='ocrx_word' id='word_1_306' title='bbox 1355 2669 1462 2705; x_wconf 82' lang='lat' dir='ltr'>atque</span> <span class='ocrx_word' id='word_1_307' title='bbox 1490 2662 1555 2696; x_wconf 88' lang='lat' dir='ltr'>ubi</span> <span class='ocrx_word' id='word_1_308' title='bbox 1580 2673 1680 2706; x_wconf 66' lang='lat' dir='ltr'>pern·</span> <span class='ocrx_word' id='word_1_309' title='bbox 1707 2662 1738 2695; x_wconf 79' lang='lat' dir='ltr'><em>C</em></span> 
     </span>
    </p>
   </div>
   <div class='ocr_carea' id='block_1_6' title="bbox 292 2707 1734 2804">
    <p class='ocr_par' dir='ltr' id='par_1_6' title="bbox 292 2707 1734 2804">
     <span class='ocr_line' id='line_1_38' title="bbox 293 2707 1734 2757; baseline 0.001 -15"><span class='ocrx_word' id='word_1_310' title='bbox 293 2719 348 2742; x_wconf 81' lang='lat'>20.</span> <span class='ocrx_word' id='word_1_311' title='bbox 376 2709 429 2744; x_wconf 84' lang='lat' dir='ltr'>ibi</span> <span class='ocrx_word' id='word_1_312' title='bbox 454 2710 549 2745; x_wconf 85' lang='lat' dir='ltr'>diem</span> <span class='ocrx_word' id='word_1_313' title='bbox 574 2711 687 2746; x_wconf 77' lang='lat' dir='ltr'>ABG</span> <span class='ocrx_word' id='word_1_314' title='bbox 774 2717 810 2744; x_wconf 83' lang='lat' dir='ltr'>ct</span> <span class='ocrx_word' id='word_1_315' title='bbox 835 2710 887 2744; x_wconf 83' lang='lat' dir='ltr'>ibi</span> <span class='ocrx_word' id='word_1_316' title='bbox 919 2711 1017 2746; x_wconf 89' lang='lat' dir='ltr'>diem</span> <span class='ocrx_word' id='word_1_317' title='bbox 1047 2707 1734 2757; x_wconf 53' lang='lat' dir='ltr'>defghklnoprstussydestxlp</span> 
     </span>
     <span class='ocr_line' id='line_1_39' title="bbox 292 2755 1596 2804; baseline -0.001 -14"><span class='ocrx_word' id='word_1_318' title='bbox 292 2765 420 2802; x_wconf 80' lang='grc' dir='ltr'><strong><em>νοπρ</em></strong></span> <span class='ocrx_word' id='word_1_319' title='bbox 470 2762 507 2792; x_wconf 85' lang='lat' dir='ltr'>ct</span> <span class='ocrx_word' id='word_1_320' title='bbox 530 2757 666 2793; x_wconf 82' lang='lat' dir='ltr'>ibidem</span> <span class='ocrx_word' id='word_1_321' title='bbox 691 2760 812 2793; x_wconf 83' lang='lat' dir='ltr'>aivw</span> <span class='ocrx_word' id='word_1_322' title='bbox 868 2764 906 2794; x_wconf 77' lang='lat' dir='ltr'>et</span> <span class='ocrx_word' id='word_1_323' title='bbox 931 2758 984 2793; x_wconf 89' lang='lat' dir='ltr'>ibi</span> <span class='ocrx_word' id='word_1_324' title='bbox 1012 2758 1095 2804; x_wconf 83' lang='lat' dir='ltr'>bcq</span> <span class='ocrx_word' id='word_1_325' title='bbox 1159 2762 1195 2791; x_wconf 84' lang='lat' dir='ltr'>et</span> <span class='ocrx_word' id='word_1_326' title='bbox 1222 2757 1366 2793; x_wconf 84' lang='lat' dir='ltr'>ibidem</span> <span class='ocrx_word' id='word_1_327' title='bbox 1392 2755 1489 2790; x_wconf 83' lang='lat' dir='ltr'>diem</span> <span class='ocrx_word' id='word_1_328' title='bbox 1513 2756 1596 2796; x_wconf 76' lang='grc' dir='ltr'>ξστ</span> 
     </span>
    </p>
   </div>
  </div>
 </body>
</html>
