1846 3178
357 223 382 257 ῃ
395 208 454 273 76
909 201 1239 243 ADNOTATIO

357 336 452 376 locis
477 336 518 375 et
540 324 804 389 inanissimis)
840 341 984 374 neutra
1012 335 1239 376 satisfacere
1270 340 1398 388 potest
1419 348 1430 374 :
1463 345 1558 372 nam
1584 339 1630 372 ut
1658 337 1788 372 uuum

355 414 556 459 moneam,
583 410 625 447 in
652 407 775 459 priori
804 405 1045 446 adiectivum
1071 407 1318 445 inanissimus
1344 405 1396 445 ad
1419 406 1549 459 ipsum
1566 403 1790 454 Staienum)

354 477 398 516 in
425 475 549 516 altera
576 474 747 514 alterum
777 477 1008 515 miserrimis
1046 474 1098 514 ad
1125 476 1211 514 loca
1236 488 1319 513 non
1345 482 1436 528 apte
1460 476 1648 516 trahitur.
1677 500 1679 502 -
1706 473 1789 516 sed

354 556 481 602 quum
519 545 644 585 verba
673 547 716 584 in
742 547 840 587 locis
871 548 914 586 in
951 546 1070 600 longe
1095 544 1294 600 plerisque
1321 552 1360 584 et
1386 547 1544 599 optimis
1571 546 1687 587 MSS.
1717 559 1789 585 ex·-

353 624 459 658 stent
478 646 489 667 ,
518 616 568 656 de
601 617 649 656 iis
674 617 741 656 vix
769 615 946 655 dubitari
972 622 1130 670 potestx
1169 622 1258 654 tum
1285 621 1424 654 autem'
1446 628 1519 669 pro
1546 616 1657 656 sexto
1693 623 1788 654 casu

353 687 591 728 miserrimis
619 688 662 726 in
690 688 846 741 egregio
873 686 963 726 cod.
990 685 1224 726 Florentino
1262 692 1301 725 et
1328 687 1506 740 quinque
1532 685 1691 728 Oxo'nn.
1723 685 1790 740 (ut

351 737 550 813 videtin),
582 759 624 799 in
651 761 925 799 vetustissimis
954 759 1126 813 denique
1154 758 1393 798 editionibus
1433 760 1587 812 primus
1622 757 1789 797 naseu-i*

351 839 436 871 mus
471 838 661 887 apparet,
701 842 821 885 quem
857 833 1075 871 sententiae
1112 831 1216 870 ratio
1243 838 1379 885 aperte
1407 829 1588 886 flagitat:
1619 829 1689 870 sed
1714 829 1789 870 ob-

351 908 432 942 stat
463 901 609 956 copula
636 911 675 941 et
705 909 800 941 ante
824 902 1079 954 inanissimis,
1108 912 1228 955 quam
1246 903 1374 955 ipsam
1400 903 1443 940 in
1468 899 1655 956 plurimis
1665 901 1784 942 codd.-

351 972 574 1014 ablativum
603 975 833 1013 miserrimis
861 974 1058 1026 peperisse
1089 974 1281 1026 suspicor.
1337 972 1419 1013 Sed
1447 972 1548 1012 mihi
1575 973 1710 1026 potius
1741 973 1787 1012 in

350 1043 426 1084 ista
468 1044 613 1099 copula
650 1046 795 1084 vitium
830 1042 953 1083 latere
994 1043 1179 1084 videtur:
1219 1045 1352 1082 neseio
1394 1057 1448 1083 an
1487 1043 1631 1084 Cicero
1668 1046 1712 1083 in
1741 1057 1790 1084 re

349 1122 435 1155 tam
472 1114 602 1168 lepide
634 1122 673 1153 et
701 1114 826 1153 facete
852 1121 1031 1166 narrata,
1072 1114 1266 1152 rariorem
1294 1114 1465 1153 formam
1492 1128 1613 1153 ausus
1639 1117 1717 1154 sit:
1746 1116 1790 1155 in

351 1185 447 1226 locis
486 1186 828 1235 exinanitissimis,
862 1194 966 1237 quae
994 1197 1088 1224 sane
1114 1184 1302 1223 facillime
1330 1184 1533 1239 corrumpi
1568 1187 1787 1238 potuisset}

349 1254 515 1309 simplex
544 1255 743 1309 participii
770 1255 899 1294 forma
929 1254 1072 1293 Nostro
1103 1253 1211 1292 haud
1241 1253 1401 1293 insolita
1429 1262 1510 1294 est:
1546 1256 1630 1307 yid.
1663 1257 1785 1296 Verr.

347 1327 402 1371 V.
417 1341 453 1366 e.
479 1325 546 1379 4ο.
587 1325 660 1378 104
673 1343 685 1364 .·
713 1328 756 1365 ἱη
783 1340 886 1376 eum,
907 1327 975 1381 qui
1002 1325 1101 1364 solus
1129 1325 1306 1364 hahuerit
1334 1335 1570 1366 constr-atam
1585 1340 1731 1382 navem
1749 1337 1790 1368 ec

353 1400 482 1440 minus
509 1398 772 1438 exinanitam.
792 1397 843 1437 de
871 1396 948 1450 leg.
976 1396 1077 1450 Agr.
1110 1396 1171 1448 11,
1191 1411 1229 1435 c.
1254 1405 1319 1450 '27-
1341 1410 1415 1450 72:
1444 1399 1695 1451 vectigalibus
1717 1400 1789 1439 ob-

353 1471 448 1511 latis
464 1500 477 1523 ,
514 1471 632 1510 sociis
658 1471 816 1509 vexatis
830 1491 860 1518 ‚·
886 1469 1037 1522 regibus
1063 1478 1177 1524 atque
1202 1469 1380 1508 omnibus
1403 1469 1576 1522 gentibus
1605 1471 1788 1511 exinani-³

344 1544 411 1584 tis.
445 1564 500 1573 —-
554 1541 722 1581 Interim
761 1541 963 1596 copulam,
994 1555 1170 1589 causam,
1199 1542 1356 1593 opinor,
1385 1541 1546 1592 erroris,
1575 1541 1690 1581 uncis
1723 1541 1789 1581 in·

344 1614 553 1656 clusimus.
576 1636 629 1644 —
683 1614 854 1665 Loculis‚
891 1612 1000 1667 quod
1049 1627 1124 1666 pro
1144 1614 1238 1652 locis
1266 1612 1475 1652 Ernestius
1501 1612 1682 1660 coniecit,
1695 1611 1791 1651 nu}-

344 1685 396 1727 lis
441 1685 562 1725 codd.
603 1686 779 1738 vestigiis
806 1685 1014 1723 firmatur:
1060 1685 1154 1724 locis
1194 1698 1277 1723 non
1304 1689 1434 1739 potest
1458 1682 1727 1736 reprehendi,
1754 1686 1788 1723 si

347 1765 488 1812 aptum
533 1757 740 1812 epitheton
780 1764 942 1797 nactum
971 1757 1113 1805 fuerit,
1158 1753 1278 1809 quale
1303 1761 1363 1794 est
1387 1759 1570 1792 nostrum
1597 1755 1787 1795 exinani-s

344 1830 529 1879 tissimis5
575 1836 622 1868 ut
665 1840 803 1868 sensus
846 1831 921 1868 sit:
957 1827 1064 1867 unde
1110 1828 1247 1866 omnia
1283 1832 1527 1879 corraserat,
1574 1839 1701 1882 quum
1738 1840 1786 1866 eo

352 1908 488 1942 tantae
515 1915 610 1956 opes
636 1901 768 1941 subito
796 1899 1091 1940 confluxissent.

462 1995 523 2038 13.
557 1993 828 2051 Oppianicum
856 1995 1048 2034 damnari
1073 1994 1158 2034 vid.
1189 1988 1240 2034 ad
1270 2009 1307 2034 c.
1343 1986 1405 2046 14.
1439 1987 1509 2046 43.

469 2087 530 2140 14.
559 2089 671 2143 Quid
705 2089 867 2129 tandem
879 2088 918 2143 Ρ]
975 2089 1040 2128 Sic
1072 2088 1200 2128 multo
1245 2087 1389 2127 melius
1419 2087 1593 2127 hominis
1620 2077 1788 2125 audacis

347 2159 583 2213 exprimitur
603 2191 615 2212 ‚
655 2162 769 2214 quasi
807 2160 1050 2215 indignantis
1078 2161 1179 2210 sibi,
1209 2160 1318 2213 quod
1347 2156 1615 2198 subsidiorum
1653 2157 1787 2211 inopia·

346 2228 594 2284 aliquamdiu
623 2230 881 2272 haesitaverit
897 2261 907 2279 ‚
938 2232 1017 2269 iam
1041 2237 1175 2269 autem
1206 2244 1366 2269 omnem
1393 2228 1686 2268 dubitationem
1713 2219 1785 2268 ab·

345 2301 540 2341 iicientis:
586 2300 797 2356 vulgatum
844 2302 914 2357 qui
941 2301 1134 2340 tandem?
1163 2300 1454 2338 dubitationem
1492 2298 1672 2338 nondum
1709 2313 1785 2352 po*-

345 2373 462 2412 sitam
501 2373 723 2412 indicaretx
771 2386 866 2411 nam
908 2378 1009 2410 esset
1036 2369 1115 2410 tale
1145 2370 1240 2424 quid
1271 2369 1562 2423 supplendum:
1600 2368 1670 2423 qui
1696 2378 1785 2408 tan-

346 2445 439 2485 dem
466 2459 552 2501 rem
579 2444 814 2484 instituam?
841 2457 948 2483 nunc
977 2449 1110 2482 autem
1140 2456 1211 2480 nos
1239 2443 1456 2495 cogitamus
1471 2453 1493 2492 :⁴
1512 2431 1611 2494 quid
1625 2439 1786 2479 tandem

344 2521 583 2557 moramur?
1643 2567 1645 2571 V

456 2609 532 2661 50,
575 2624 638 2649 11.
682 2623 732 2649 ne
775 2610 899 2662 gratis
924 2626 936 2647 .·
980 2607 1084 2653 male
1121 2607 1199 2647 hoc
1241 2604 1421 2645 Orellius
1466 2603 1595 2644 Bulbo
1623 2595 1783 2651 tribuit,-

350 2683 466 2736 quasi
505 2682 655 2721 Staieni
687 2681 810 2720 verba
852 2679 1133 2733 interrogando
1163 2678 1396 2731 repetentis,
1426 2674 1492 2715 sed
1524 2682 1659 2729 aperte
1685 2674 1788 2715 baee'

349 2753 406 2794 ita
432 2752 657 2808 iungenda:
690 2752 807 2792 simzd
830 2760 944 2806 atque
970 2751 1060 2790 boc.-
1091 2763 1175 2804 „ne
1201 2749 1358 2802 gratis“
1389 2747 1562 2787 audivit.-
