1846 3178
331 213 350 245 1
359 198 422 259 46
872 194 978 236 ADN
986 195 1200 236 OTATIO

326 339 450 380 quum
495 333 537 366 et
576 325 653 366 alia
681 328 918 380 cognomina
946 341 991 367 ex
1019 318 1136 366 simili
1167 326 1464 380 participiorum
1492 326 1645 380 origine
1672 325 1756 364 sor-

332 403 440 437 mata
452 398 607 451 saepius
625 396 820 448 legantur,
836 403 881 434 ut
895 395 1104 436 Ambustus
1116 398 1157 436 in
1171 395 1326 447 Fabiis,
1342 397 1494 437 Potitus
1508 397 1550 435 in
1563 393 1753 444 Valeriis,

333 468 565 508 Novatusin
579 467 771 512 Annaeis,
794 466 947 505 Tacitus
968 469 1009 506 in
1039 466 1248 517 Corneliis,
1279 474 1318 506 et
1344 468 1476 522 ipsum
1504 474 1687 506 nostrum
1711 465 1756 504 in

322 539 530 578 veteribus
558 536 825 576 monumentis
844 543 989 575 exstet:
1021 537 1061 576 in
1091 538 1221 576 Fastis
1255 537 1423 591 Capitol.
1439 551 1502 590 ap.
1522 537 1683 576 Gruter.
1702 533 1752 577 C.

333 609 462 650 lnscr.
509 623 551 652 n.
595 608 686 647 205.
732 606 808 646 hoc
849 606 988 646 titulo:
1048 607 1201 646 Vibius.
1242 608 1285 648 C.
1313 608 1364 646 F.
1397 607 1443 647 C.
1473 607 1526 647 N.
1560 607 1756 658 Habitu-33

325 688 370 720 et
418 681 517 719 sine·
550 679 794 732 aspiratione
844 680 884 717 in
923 686 1081 718 vetusto
1119 677 1247 731 lapide
1287 677 1394 731 apud
1423 662 1615 718 Fulvium
1639 677 1758 718 Ursi-

320 766 451 790 num:
510 750 611 790 Aur.
657 750 795 790 Abitus
833 751 924 793 Mil.
970 751 1065 790 Colz.
1091 750 1144 792 X.
1177 750 1247 790 Pr.
1280 772 1336 780 --
1389 750 1582 790 Errorem
1609 749 1755 789 summi

319 824 397 862 viri
437 822 558 861 nimis
602 821 672 860 diu
720 828 985 875 propagatum
1029 823 1186 875 primus
1221 821 1377 860 notavit
1415 816 1608 863 Niebuhr.
1649 819 1754 863 Mus.

323 893 450 933 Rhen.
482 892 514 933 l.
547 893 586 932 5.
625 907 664 946 p.
699 893 789 934 223.
1670 936 1683 949 ⁴.

432 964 518 1004 AD
546 961 814 1016 JUDICES]
854 962 1074 1015 Antiquam
1096 962 1322 1015 formulam,
1338 975 1587 1018 nequaquam
1606 970 1757 1003 vanum

324 1043 592 1076 commentum
624 1049 670 1074 ex
715 1036 870 1088 egregio
909 1034 1045 1072 codice
1077 1034 1366 1088 Salisburgensi
1412 1035 1655 1088 recepimus:
1683 1047 1753 1074 ea-

323 1106 414 1145 dem
455 1107 658 1159 inscriptio
696 1106 738 1144 in
781 1106 946 1144 vetustis
977 1105 1215 1144 editionibus
1231 1134 1243 1155 ‚
1299 1105 1587 1145 Mediolanensi
1615 1112 1654 1144 et
1680 1105 1757 1144 Be-

324 1176 520 1226 roaldina,
577 1175 825 1215 orationibus
857 1190 928 1229 pro
966 1177 1159 1226 Murena,
1202 1190 1275 1230 pro
1314 1175 1505 1227 Plancio,
1545 1190 1620 1230 pro
1646 1175 1758 1232 Sylla

318 1248 494 1301 praefixa
522 1248 720 1286 immerito
749 1247 791 1285 in
819 1246 1103 1286 recentioribus
1130 1247 1315 1289 omnibus
1347 1246 1559 1289 intercidit.

436 1738 485 1777 P.
519 1738 543 1778 5
559 1767 570 1789 ‚
599 1737 638 1790 4..
665 1736 807 1792 altera]
835 1738 1091 1791 Quamquam
1117 1738 1216 1776 mire
1246 1735 1402 1786 accidit,
1432 1743 1478 1776 ut
1505 1751 1595 1777 cum
1623 1744 1757 1780 vetere

327 1809 518 1853 Gulielmi
556 1811 782 1850 coniectura
823 1812 993 1849 alteram
1028 1811 1250 1849 consentiat
1285 1809 1562 1864 palimpsestus
1607 1809 1755 1853 Tauri-

330 1883 486 1928 nensis‚
518 1881 619 1920 nihil
650 1889 784 1920 tamen
814 1883 946 1920 minus
974 1895 1113 1921 verum
1142 1888 1212 1923 est.
1280 1881 1386 1920 Nam
1422 1889 1468 1920 ut
1493 1879 1595 1921 nihil
1621 1880 1752 1921 dicam

328 1952 377 1994 de
408 1951 682 1991 membrorum
709 1953 947 2006 aequalitate
975 1953 1084 1992 haud
1111 1959 1262 1992 temere
1292 1951 1480 2004 tollenda,
1496 1954 1622 2007 magis
1639 1953 1759 1993 etiam

328 2037 423 2062 vera
463 2030 686 2063 structurae
730 2025 831 2063 ratio
859 2023 1011 2071 obstat,
1046 2037 1172 2078 quum
1199 2032 1399 2064 accusator
1424 2023 1534 2064 haud
1559 2023 1680 2064 dubie
1707 2024 1759 2064 ad

327 2095 501 2134 verbum
546 2096 752 2135 videbatur
808 2094 1163 2150 subintelligendus
1183 2126 1194 2145 ,
1252 2095 1379 2135 altera
1429 2094 1642 2149 utrobique
1678 2109 1754 2150 pro

331 2173 441 2205 sexto
470 2181 563 2205 casu
592 2166 824 2206 habendum
854 2169 918 2210 sit.

440 2235 491 2288 4,
523 2237 560 2288 4.
584 2252 684 2292 pars
715 2247 753 2276 et
789 2236 857 2292 ea]
896 2247 956 2285 et,
998 2237 1107 2291 quod
1132 2237 1378 2289 addidimus,
1407 2236 1481 2277 soli
1519 2235 1760 2277 Taurinensi

333 2306 526 2346 debetur:
579 2307 646 2345 sed
686 2307 825 2346 eodem
858 2307 968 2347 ducit
999 2323 1123 2362 prava
1150 2308 1419 2362 plurimorum
1446 2307 1632 2348 codicum
1659 2308 1763 2347 scri-

333 2385 452 2430 ptura
479 2384 546 2420 est.
601 2376 656 2415 Et
686 2376 857 2416 multum
885 2392 979 2416 sane
1007 2379 1157 2428 oratio,
1194 2378 1343 2431 inserta
1366 2378 1586 2433 particula,
1629 2379 1762 2433 profe·

334 2449 409 2486 cit:
456 2447 655 2487 clauditur
697 2448 801 2487 enim
839 2448 972 2488 hiatus
1014 2449 1178 2502 quidam
1205 2449 1420 2490 verborum
1449 2450 1491 2488 in
1515 2448 1677 2503 vulgata
1704 2449 1763 2490 le-

334 2519 465 2558 ctione
491 2519 594 2559 male
621 2519 840 2571 offendens,
870 2527 909 2559 et
936 2520 1143 2559 commode
1170 2520 1269 2559 illud
1296 2520 1509 2570 indicatur,
1537 2534 1618 2574 quo
1650 2535 1765 2575 prae-

336 2590 450 2643 cipue
498 2591 639 2629 nititur
684 2599 845 2630 orator:
894 2591 978 2630 fieri
1015 2591 1072 2643 id,
1112 2591 1220 2645 quod
1260 2594 1392 2631 minus
1426 2581 1681 2644 exspectetur,
1719 2600 1766 2633 ut

337 2662 494 2713 propria
540 2662 675 2700 iudicii
720 2677 839 2701 causa
866 2662 980 2701 facile
1003 2663 1127 2716 possit
1157 2661 1338 2714 absolvi,
1369 2665 1538 2717 suspicio
1565 2670 1699 2703 autem
1725 2669 1766 2703 et

338 2731 540 2786 popularis
569 2747 707 2773 rumor
733 2733 967 2787 ampliorem
1002 2733 1159 2773 dicendi
1189 2733 1394 2775 materiem
1422 2734 1621 2790 praebeat.
