1846 3178
300 179 318 209 1
327 163 389 210 38
902 157 1112 199 ORATIO

293 280 615 340 nest-issimus,
648 299 778 350 quos
811 298 1063 332 nossemus
1095 297 1277 340 omnes,
1303 279 1405 330 huc
1440 279 1738 349 frequentias

292 361 455 417 adesse
486 377 537 413 et
571 363 713 412 huno
745 363 1018 432 praesentis
1065 363 1272 412 laudare
1304 364 1590 412 voluerunt.
1622 360 1739 414 Ad„

291 457 411 494 sunt
468 442 740 504 Frentani,
785 442 1014 492 homines
1057 443 1380 505 nobilissimi3
1437 442 1722 493 Marrucini

292 526 414 579 item
455 525 569 593 pari
615 523 887 592 dignitate:
921 527 1091 574 Teano
1125 526 1293 594 Apulo
1328 538 1480 593 atque
1513 524 1723 574 Luceria

293 607 488 673 equites
533 608 809 665 Romanos,
855 605 1085 657 homines
1128 605 1517 666 honestissimos,
1550 604 1750 663 lauda—5

293 701 425 739 tores
469 680 671 738 videtis:
710 688 952 748 Boviano,
990 699 1198 755 totoque
1231 705 1291 737 ex
1323 690 1526 739 Samnio
1559 707 1726 757 quum.

297 770 613 824 laudationes
644 771 1018 821 honestissimae
1050 771 1224 821 missae
1255 783 1388 831 sunt,
1423 783 1534 822 tum
1565 769 1746 820 homi--

209 858 389 913 ι98ᾞεε
421 854 717 923 amplissimi
751 852 1152 920 nobilissimique
1183 865 1447 902 venerunt·
1495 845 1608 902 Iam
1635 851 1728 919 qui

297 935 355 984 in
399 953 517 1001 agro
560 934 788 983 Larinati
835 931 1071 1003 praedia,
1119 933 1210 1000 qui
1260 933 1482 1001 negotia,
1526 933 1619 1002 qui
1652 950 1728 983 res

297 1016 616 1087 pecuniarias
659 1016 881 1084 habent,
933 1015 1131 1066 honesti
1174 1015 1403 1067 homines
1450 1027 1501 1066 et
1530 1031 1795 1066 summow:

299 1098 569 1168 splendore
601 1098 850 1167 praediti,
900 1098 1102 1148 difficile
1135 1097 1278 1148 dictu
1310 1111 1405 1153 est,
1441 1116 1597 1166 quam
1629 1097 1743 1147 sint»

299 1181 533 1236 solliciti,
568 1198 725 1247 quam
759 1179 1008 1230 laborent.
1039 1181 1153 1230 Non
1186 1179 1339 1228 multi
1372 1179 1502 1228 mihi
1535 1179 1600 1228 ab
1625 1198 1731 1229 uno

202 1261 265 1309 70
295 1262 366 1311 sic
400 1260 544 1328 diligi
577 1260 830 1320 videntur,
854 1273 914 1309 ut
946 1260 1031 1310 hic
1064 1262 1128 1310 ab
1161 1261 1241 1311 his
1271 1260 1526 1311 universis.
1563 1262 1734 1326 Quam

296 1343 446 1394 non*
475 1344 638 1393 abesse
699 1344 763 1392 ab
813 1343 966 1392 huius
1024 1342 1213 1393 iudicio
1270 1345 1322 1391 L.
1383 1343 1734 1402 Volusienum,

296 1444 494 1476 summo
527 1424 794 1495 splendore
826 1425 1088 1475 hominem
1119 1445 1177 1475 ac
1209 1425 1398 1475 virtute
1432 1424 1788 1495 praeditum,¹5

297 1509 504 1563 vellem!
567 1514 744 1575 [quam
784 1507 984 1562 vellem]
1018 1519 1330 1576 praesentem
1362 1522 1499 1576 posse
1529 1508 1583 1555 P.
1617 1506 1735 1555 Hel-

299 1589 498 1645 vidium
532 1591 753 1648 Rufum,
789 1590 1015 1657 equitem
1047 1592 1355 1647 Romanum,
1392 1587 1623 1637 omnium
1657 1605 1737 1637 or-

301 1673 651 1731 natissimum,
699 1673 963 1723 nominare
971 1694 987 1723 ,-
1037 1671 1130 1744 qui
1174 1690 1339 1740 quum
1386 1670 1540 1719 huius
1588 1685 1736 1718 causa

302 1753 408 1803 dies
441 1765 710 1822 noctesque
739 1754 993 1822 vigilaret,
1029 1766 1080 1803 et
1112 1771 1276 1821 quum
1309 1769 1390 1801 me
1430 1750 1566 1800 hanc
1609 1767 1726 1803 cau?

301 1853 406 1891 sam
438 1834 664 1895 doceret,
700 1835 757 1885 in
790 1834 1027 1884 morbum
1061 1850 1262 1902 gravem
1294 1832 1794 1902 periculosumqueao

413 2022 453 2063 5.
483 2022 778 2065 honestissimos
809 2022 990 2063 homines
1099 2037 1140 2077 9.
1169 2036 1232 2062 res
1262 2022 1467 2076 pecuarias

399 2203 434 2238 3.
461 2202 634 2235 Frentani
670 2214 693 2235 a
723 2220 760 2228 ·—
787 2198 1112 2246 Ιὶῐιηοβγεηστ
1235 2200 1428 2235 Ferentani
1461 2197 1739 2243 Βδζιλμνξο

304 2259 369 2293 πρ
453 2248 623 2283 Fientani
650 2260 673 2280 α
694 2273 703 2282 ,
759 2249 971 2282 Marrucinii
996 2249 1063 2282 AB
1150 2246 1342 2281 Marrutini
1379 2259 1432 2281 ou
1447 2257 1506 2283 να
1598 2244 1739 2279 Matra-

308 2296 381 2331 cini
404 2303 419 2327 ε
520 2295 714 2328 Marrucini
749 2295 858 2328 item:
898 2297 975 2340 pari
1012 2294 1110 2338 dign.
1133 2294 1185 2328 sic
1209 2292 1403 2337 distinguit
1431 2296 1448 2334 ξ
1614 2292 1646 2325 5.
1670 2289 1739 2323 ho-

305 2342 423 2385 mines
461 2341 601 2376 honest.
635 2341 706 2377 AB
727 2341 933 2381 αΙιεςταεξ
1014 2338 1158 2376 honest.
1189 2340 1286 2376 hom.
1311 2341 1342 2376 R
1364 2340 1464 2387 vulg.
1606 2339 1639 2371 6.
1669 2338 1739 2371 Bo-

308 2389 394 2431 iano
419 2390 465 2428 Π
484 2400 507 2420 α
525 2387 579 2428 dc
644 2388 770 2436 quum]
797 2394 873 2422 tum
899 2400 923 2428 ς
985 2415 987 2418 .
1059 2391 1089 2423 8.
1115 2395 1198 2434 post
1221 2387 1432 2431 amplissimi
1460 2386 1481 2420 b
1505 2382 1634 2423 addit.-
1703 2388 1742 2417 et

309 2446 447 2477 summo
473 2434 664 2480 splendore
690 2436 844 2482 praediti
1008 2445 1041 2480 9.
1069 2434 1233 2468 Larinate
1258 2445 1309 2469 sce
1442 2444 1491 2466 ιο.
1516 2430 1744 2476 pecuniarias

309 2483 739 2527 Παβγεηθικλμνξ
808 2481 994 2526 pecuarias
1021 2479 1213 2526 δζπρστ
1312 2491 1362 2513 ιι,
1390 2485 1445 2513 est
1468 2490 1532 2512 om.
1563 2479 1593 2510 B
1691 2479 1740 2512 ¹3.

308 2526 355 2561 iis
382 2529 452 2563 AB
516 2539 622 2575 quam
647 2530 738 2572 non]
764 2527 907 2575 quando
932 2530 975 2560 II
993 2538 1012 2559 α
1031 2526 1082 2567 d:
1225 2527 1278 2571 ¹4·
1305 2524 1424 2572 huius}
1450 2524 1518 2558 hoc
1543 2525 1560 2562 ξ
1630 2522 1743 2557 Volu-

313 2585 436 2607 senum
461 2577 489 2607 θ
507 2586 592 2621 ικμ
692 2578 744 2613 ι6,
774 2586 880 2621 quam
908 2574 1035 2608 vellem
1062 2585 1126 2607 om.
1152 2576 1196 2609 ῙΙ
1219 2581 1251 2608 ει
1276 2570 1353 2606 edd.
1379 2581 1462 2606 ame
1486 2571 1629 2622 βαπτὰ,
1656 2581 1744 2617 pos.-

312 2630 385 2657 acm
410 2624 455 2656 II
474 2631 623 2669 praeter
647 2623 707 2664 ai,
735 2621 1138 2672 αβγδεζηθικλμν
1282 2622 1333 2659 1&
1360 2630 1464 2657 eausa
1492 2630 1557 2652 om.
1582 2619 1614 2655 R
