1846 3178
570 163 680 204 PRo
724 159 774 205 Α.
802 159 1101 201 CLUENTIO.
1185 183 1191 189 -
1490 163 1548 210 6,

121 291 350 363 oejfioeet,
385 287 643 337 confiteri:
696 304 801 336 non
834 297 907 335 est
938 283 1206 335 consilium
1240 281 1442 348 Cethegi
1480 299 1557 330 re-

119 369 556 444 prehendendum.
630 369 828 418 Verum
868 367 968 416 alia
1010 382 1156 415 causa
1202 375 1312 413 tum
1373 364 1560 412 Staieni
1587 372 1643 413 86

117 454 243 512 fait,
289 453 390 502 alia
424 469 585 510 nunc,
632 449 781 508 Acci,
826 461 914 499 tua
947 461 1032 498 est.
1131 448 1250 505 Ille,
1306 463 1470 514 quum
1503 463 1559 493 re

117 546 456 606 premeretur,
491 532 839 602 quodcunque
873 530 1084 590 diceret,
1136 528 1395 579 honestius
1427 526 1560 575 dice-

96 620 224 677 fiet,
257 634 415 684 quam
446 616 508 675 si,
543 614 684 683 quod
715 626 826 663 erat
857 613 1074 670 factum,
1107 611 1376 661 fateretur:
1413 621 1462 659 te
1480 625 1560 659 ve-

121 717 183 750 ro
226 696 361 748 illud
386 696 553 758 Iidem,
606 694 747 763 quod
794 707 907 743 tum
948 694 1209 762 explosum
1252 704 1303 741 et
1342 691 1560 742 eiectum

121 791 214 840 est,
261 797 403 829 nunc
446 777 672 827 retulisse
717 774 953 824 demiror.
1029 773 1134 837 Qui
1179 772 1318 821 enim
1362 786 1561 843 poterat

122 875 236 914 tum
270 863 327 912 in
363 862 576 930 gratiam
609 859 774 909 redire
809 876 926 907 cum
947 856 1233 926 Oppianico
1266 857 1561 906 Cluentius?

123 948 217 1016 qui
260 964 378 997 cum
410 957 571 995 matre
609 943 830 991 babebat
874 941 1176 992 simultates:
1228 939 1469 989 haerebat
1502 941 1559 990 in

73 1030 313 1080 iotabulis
356 1027 576 1098 publicis
619 1043 734 1075 reus
785 1037 837 1074 et
888 1035 1170 1073 accusator:
1235 1022 1559 1072 condemnati

122 1124 272 1162 erant
301 1109 548 1160 Fabricii:
616 1126 710 1157 nec
741 1106 874 1156 elabi
907 1106 1008 1155 alio
1042 1118 1328 1154 accusatore
1361 1118 1561 1175 poterat

121 1196 328 1251 Albius,
372 1211 466 1243 nec
492 1193 602 1243 sine
640 1190 920 1259 ignominia
955 1189 1242 1238 calumniae
1274 1189 1565 1256 relinquere

123 1274 988 1342 accusationemCluentiuspoterat.
1024 1273 1103 1320 An
1123 1283 1183 1320 ut
1199 1271 1564 1338 praevaricare·
1595 1289 1661 1333 32

123 1362 242 1412 tur?
257 1363 364 1410 Iam
381 1357 434 1406 id
448 1373 654 1425 quoque
669 1355 733 1404 ad
743 1351 1175 1422 corrumpendum
1192 1351 1442 1400 iudicium
1457 1373 1569 1424 per..
1598 1349 1649 1404 87

76 1444 271 1495 15tinet.
339 1439 434 1491 Sed
488 1438 618 1507 quid
661 1455 788 1507 opus
832 1449 941 1485 erat
984 1435 1049 1484 ad
1096 1453 1208 1485 eam
1255 1455 1363 1486 rem
1398 1437 1567 1488 iudice

127 1524 410 1594 sequestre?
455 1535 506 1572 et
546 1520 781 1580 omnino,
823 1519 1158 1587 quamobrem
1201 1531 1305 1568 tota
1350 1519 1443 1569 ista
1489 1538 1567 1570 res

129 1625 225 1678 per
257 1607 516 1657 Staienum
549 1604 740 1673 potius,
767 1602 1050 1651 vhominem
1095 1602 1159 1650 ab
1193 1614 1416 1670 utroque
1448 1605 1568 1652 alie-

131 1690 428 1749 nissimum,
484 1686 905 1741 sordidissimum,
968 1684 1343 1754 turpissimum,
1410 1703 1568 1753 quam

131 1789 224 1842 per
269 1772 467 1821 bonum
513 1770 737 1837 aliquem
781 1767 950 1817 virum
982 1779 1216 1834 ageretur
1247 1780 1298 1816 et
1345 1768 1569 1817 amicum

76 1852 568 1920 :enecessariumque
601 1852 954 1901 communem?
1018 1849 1112 1900 Sed
1162 1850 1290 1918 quid
1324 1867 1412 1918 ego
1445 1851 1571 1899 haec

92 1977 95 1984 f
131 1937 390 2007 pluribus,
451 1935 594 2003 quasi
639 1933 701 1982 de
754 1951 809 1982 re
855 1933 1068 1982 obscura
1115 1931 1349 2002 disputo,
1405 1952 1570 2000 quum

133 2021 241 2090 ipsa
274 2018 513 2089 pecunia,
568 2034 699 2085 quae
731 2017 931 2066 Staieno
967 2016 1081 2066 data
1117 2029 1212 2076 est,
1264 2033 1479 2065 numero
1513 2035 1572 2065 ac

131 2119 329 2153 summa
361 2119 450 2151 sua
484 2120 590 2150 non
623 2099 795 2160 modo,
841 2112 1034 2167 quanta
1067 2099 1247 2159 fuerit,
1301 2099 1387 2149 sed
1420 2099 1573 2148 etiam

246 2254 308 2298 13.
335 2267 412 2294 om.
444 2259 598 2308 poterat

225 2379 258 2412 3.
279 2377 352 2411 suit
369 2389 432 2412 om.
450 2378 520 2412 AB
567 2387 604 2410 re
622 2371 860 2453 premeretur}
882 2376 1146 2419 repremeretur
1161 2381 1272 2421 aprt
1319 2374 1577 2419 reprimeretur

82 2391 294 2506 “equo
364 2423 691 2471 reprehenderetur
723 2421 838 2468 desg
858 2420 989 2455 tiklm
1005 2419 1185 2466 υβγδὲζ
1199 2434 1217 2462 η
1327 2423 1359 2456 5,
1386 2422 1520 2456 fatetur
1546 2424 1577 2458 Α

162 2496 170 2504 .
194 2473 368 2506 reiectum
396 2472 439 2504 c‘.
470 2472 601 2505 Graev.
659 2481 689 2514 7.
718 2469 891 2502 detulisse
924 2469 1033 2503 ABa
1087 2467 1139 2500 rei
1165 2468 1293 2501 tulisse
1319 2477 1486 2514 oprstu
1538 2480 1578 2504 re

137 2514 304 2553 intulisse
329 2484 570 2564 desltilmn
649 2522 685 2549 te
726 2516 894 2550 intulisse
919 2527 942 2562 q
1026 2515 1194 2548 intulisse
1221 2514 1244 2549 k
1383 2514 1461 2562 qui]
1488 2517 1580 2562 quid

138 2564 207 2599 AB
252 2567 286 2603 8.
300 2568 414 2612 gratia
439 2563 528 2599 aed
540 2563 657 2611 esgh
672 2565 917 2609 imprstuv
988 2574 1019 2607 9.
1046 2561 1208 2595 habebat
1231 2561 1434 2596 simultates
1459 2575 1526 2596 om.
1554 2575 1579 2597 a

139 2610 414 2661 bcopqtnstru
439 2612 533 2646 Pall.
563 2610 663 2646 codd.
692 2610 750 2644 Fr.
783 2623 808 2644 ι.
836 2620 860 2642 α
969 2620 1019 2643 12.
1048 2608 1185 2642 Abbius
1215 2609 1280 2654 Ap
1388 2611 1437 2643 13.
1473 2615 1580 2654 pote.

140 2661 202 2691 rat
226 2657 308 2694 add.
340 2670 383 2693 ex
406 2658 478 2693 ΑΒ
591 2660 649 2703 ut]
678 2659 722 2692 iis
747 2658 819 2691 AB
961 2656 1011 2700 14.
1035 2654 1121 2702 iam]
1150 2666 1232 2687 nam
1257 2655 1301 2703 cj.
1327 2654 1580 2702 Pantagathus

121 2705 200 2742 .15.
235 2703 338 2786 quid]
384 2704 481 2752 quod
504 2706 572 2740 ΑΒ
669 2707 717 2739 ι6.
744 2704 920 2749 sequestri
947 2716 966 2744 η
1060 2715 1113 2736 21.
1141 2702 1581 2752 disputo-,Aanffoaekptr

142 2752 264 2799 ξοπρ
340 2753 495 2798 isputem
517 2750 823 2799 Βαβγδεζηστ
929 2752 981 2785 23.
1009 2749 1118 2783 etiam
1145 2761 1212 2787 om,
1240 2748 1391 2797 abcpq
