1846 3178
297 193 391 256 ,43
826 185 1152 227 Annon-rio

404 309 465 350 io.>
495 309 587 351 Non
636 317 693 349 est
728 310 852 348 nostri
899 306 1060 360 ingenii]
1135 306 1414 360 imprudenter
1460 306 1623 346 Beierus
1666 303 1718 344 ad

289 381 371 424 Cic.
402 381 541 435 fragm.
568 395 611 434 p.
638 380 732 423 232.
789 378 1059 428 Quinctiliano
1086 379 1218 431 potius
1249 377 1548 430 obsequendum
1589 377 1731 428 duxit,*

289 453 358 506 qui
384 451 554 491 verbum
574 460 629 489 est
653 451 789 489 omisit
819 450 907 500 (IX,
937 450 958 488 3
976 478 988 498 ,
1020 446 1102 500 81.)
1128 462 1248 501 quam
1270 448 1472 487 Ciceronis
1498 447 1718 497 codicibus,

286 526 331 564 in
359 537 531 577 quorum
557 520 668 560 nullo
696 520 957 559 desideratur.
1043 519 1153 558 Dum
1181 517 1247 558 ille
1282 518 1536 572 languescere
1570 519 1719 558 oratio-

287 609 393 634 mem
446 592 643 632 inculcato
681 607 721 630 v.
763 601 818 630 est
861 591 1136 644 pronuntiavit
1162 621 1172 637 ‚
1231 604 1314 628 non
1361 589 1463 628 vidit
1498 589 1718 629 necessario

273 671 505 715 'utrumque
542 660 766 701 membrum
807 675 888 700 esse
927 660 1196 700 distinendum
1215 689 1227 710 ,
1271 660 1363 712 quia
1400 659 1451 699 ad
1478 661 1611 713 prius:
1640 674 1719 700 non

287 743 342 772 est
378 734 501 771 nostri
527 734 675 786 ingenii
699 746 744 771 ex
774 731 1100 785 praecedentibus
1130 730 1371 770 infinitivus:
1402 740 1551 770 tantam
1586 732 1718 788 opini-

287 818 403 844 onem
428 827 451 832 —
478 805 642 842 evellere
666 804 782 842 unice
805 804 968 855 cogitari
991 808 1137 855 potest,
1168 800 1234 840 ille
1258 809 1409 852 autem,
1431 802 1502 855 qui
1514 802 1717 856 sequitur:

286 875 399 914 huius
429 875 674 913 innocentiae
692 895 744 905 —-
771 873 975 927 subvenire
1003 872 1160 911 nonnisi
1188 871 1238 910 ad
1272 870 1442 912 alterum
1470 869 1718 913 membrumi

286 947 408 984 vestri
448 946 602 984 auxilii
639 954 694 983 est
719 947 907 997 pertinet.
989 945 1125 994 Quare
1155 958 1206 982 ne
1234 944 1367 997 potuit
1394 943 1558 997 quidem
1583 943 1720 984 abesse

285 1031 328 1056 v.
357 1026 440 1067 est,
474 1016 582 1070 quod
613 1016 671 1055 illi
700 1015 933 1069 languidum
961 1014 1184 1055 videbatur.

400 1087 460 1130 15.
488 1088 634 1126 veritas
660 1086 787 1141 habet]
831 1087 877 1125 In
906 1102 1048 1141 magno
1077 1087 1257 1127 codicum
1300 1100 1493 1127 consensu
1520 1100 1602 1127 non
1631 1101 1718 1127 am-

285 1158 388 1212 plius
445 1158 621 1196 dubitari
673 1165 802 1211 potest
820 1189 832 1208 ,
885 1161 982 1212 quin
1028 1162 1225 1212 scriptura
1260 1158 1328 1197 illa
1347 1187 1358 1209 ,
1394 1172 1516 1211 quam
1561 1165 1720 1211 praeter

284 1229 504 1282 principem
542 1242 679 1267 omnes
723 1231 910 1281 antiquae
958 1229 1151 1268 editiones
1194 1228 1400 1268 exhibent:
1436 1229 1605 1281 falsitas
1624 1258 1636 1279 ,
1671 1241 1717 1267 ex

285 1309 417 1340 vetere
446 1302 695 1339 correctione
722 1307 816 1338 nata
843 1301 909 1337 sit.
966 1299 1022 1338 Et
1050 1299 1240 1352 quicquid
1272 1300 1504 1353 obloquitur
1545 1299 1716 1339 Fulvius

283 1371 472 1421 Ursinus,
502 1371 668 1423 pessime
696 1371 775 1424 egit
803 1370 1036 1408 correctoris
1063 1384 1231 1418 manus,
1263 1384 1364 1423 quae
1394 1384 1531 1409 veram
1559 1377 1717 1410 senten-

283 1442 361 1481 tiae
408 1443 698 1496 oppositionem
742 1440 1037 1496 pessumdedit:
1087 1455 1182 1480 nam
1234 1442 1326 1480 satis
1383 1454 1476 1480 mox
1502 1439 1718 1492 indicatur,

286 1528 483 1567 quaenam
523 1514 604 1554 sint
645 1511 715 1551 illa
755 1511 866 1559 loca,
899 1512 1045 1565 quibus
1076 1514 1223 1551 veritas
1246 1520 1480 1565 spernatur:
1510 1512 1718 1552 conciones

286 1585 468 1624 seditiose
496 1585 728 1631 concitatae,
750 1582 961 1621 hominum
991 1583 1265 1636 imperitorum
1294 1590 1442 1622 coetus.
1498 1584 1552 1622 At
1579 1583 1622 1622 in
1655 1582 1719 1621 iu·

287 1656 397 1695 diciis
409 1656 530 1708 falsa
556 1654 713 1693 invidia
738 1653 985 1707 repudianda
1013 1660 1086 1692 est.

395 1727 437 1779 6,
482 1728 522 1766 5.
563 1741 613 1765 ne
652 1726 750 1781 quid
801 1727 889 1779 huc]
947 1724 1112 1765 Placere
1151 1727 1274 1779 possit
1311 1726 1552 1780 optimorum
1596 1725 1716 1765 codd.

286 1798 510 1850 scriptura:
541 1810 590 1834 ne
614 1796 716 1850 quid
742 1796 830 1834 huic
846 1825 855 1842 ‚
888 1795 1120 1847 praesertim
1149 1809 1273 1848 quum
1300 1796 1439 1835 similis
1467 1796 1578 1836 locus
1603 1809 1716 1836 com-

284 1874 447 1920 paretur
474 1880 508 1903 c.
539 1864 605 1904 51.
638 1865 703 1904 fin.
735 1864 802 1902 ubi
831 1878 877 1902 ex
917 1864 1054 1903 iisdem
1083 1865 1199 1904 MSS.
1229 1868 1436 1906 restituere
1477 1881 1561 1906 non
1596 1866 1716 1906 dubi-

282 1940 482 1978 tavimus:
510 1937 548 1975 si
573 1950 691 1992 quam
725 1937 812 1974 lucie
837 1937 1061 1988 graviorem
1075 1959 1122 1969 --
1152 1939 1374 1992 opinionem
1400 1938 1595 1976 attulistis.
1637 1935 1715 1976 Sed

283 2009 364 2049 illic
402 2010 561 2048 dativus
602 2008 654 2047 ab
691 2007 887 2046 adiectivo
916 2008 1089 2060 pendet,
1116 2009 1156 2048 h.
1186 2009 1215 2048 l.
1246 2023 1327 2062 quo
1356 2009 1568 2048 commode
1591 2008 1715 2048 refer-

284 2087 421 2130 retur,
472 2094 552 2118 non
597 2078 783 2118 haberet:
826 2085 913 2117 tum
951 2092 1111 2132 quoque
1154 2081 1225 2118 huc
1264 2081 1531 2120 necessarium
1557 2079 1717 2119 videtur

284 2152 361 2188 iam
400 2157 563 2203 propter
590 2147 689 2187 illud
706 2177 717 2195 ‚
767 2148 876 2201 quod
911 2149 1122 2202 sequitur:
1160 2150 1239 2188 nisi
1266 2151 1353 2188 hic
1384 2164 1439 2190 ex
1466 2152 1561 2206 ipsis
1588 2150 1714 2189 causis

282 2221 548 2262 iudicabimus.

391 2305 431 2345 9.
465 2292 590 2330 oratio
619 2288 887 2343 labffactabz'c]
916 2289 961 2328 h.
984 2289 1012 2329 l.
1041 2298 1086 2330 ut
1113 2305 1229 2345 saepe
1244 2322 1255 2340 ‚
1287 2294 1502 2347 egregium'
1525 2290 1715 2332 Lambini

282 2362 475 2402 iudicium
508 2362 851 2414 praestantissimis
878 2361 1063 2401 subsidiis
1089 2364 1286 2416 sapienter
1314 2378 1445 2415 usum,
1474 2362 1582 2417 quod
1609 2362 1717 2401 Gru..

281 2441 390 2473 terus
417 2433 580 2487 indigno
607 2433 782 2486 quodam
809 2432 936 2471 livore
973 2434 1223 2487 persequitur
1240 2464 1252 2485 ,
1297 2442 1387 2488 post
1427 2434 1716 2488 diligentiorem

282 2506 501 2543 recentium
543 2507 771 2542 criticorum
807 2518 971 2557 operam
1016 2504 1160 2544 clarius
1187 2514 1360 2560 apparet.
1400 2507 1500 2556 Quis
1528 2519 1637 2544 nunc
1672 2506 1716 2544 in

281 2583 392 2614 tanto
445 2577 694 2629 optimorum
750 2574 947 2614 librorum
999 2590 1192 2615 consensu
1239 2577 1423 2616 iteratum
1444 2591 1446 2593 ·
1466 2575 1567 2615 illud
1611 2577 1714 2615 mllio

283 2644 408 2694 ferat,
442 2645 551 2698 quod
581 2645 727 2684 frustra
755 2645 952 2683 Gruterus
980 2653 1019 2686 et
1039 2647 1235 2687 Graevius
1261 2647 1522 2686 mediocrium
1550 2660 1714 2687 suorum

282 2715 466 2755 codicum
497 2717 730 2755 auctoritate
757 2715 958 2755 fulciunt?
