1846 3178
271 201 287 232 1
298 187 358 234 08
877 182 1086 223 ORATIO

263 314 472 364 hitatem
523 316 903 385 proscriptionis
947 333 1087 376 suae,
1140 335 1237 385 qua
1271 330 1343 367 est
1374 336 1492 368 usus
1525 318 1693 367 ἰῐννθὲ

267 406 392 443 teres
439 396 650 454 iudices,
689 396 742 443 in
777 396 910 444 hanc
950 415 1106 445 unam
1138 399 1480 464 quaestionem
1514 411 1694 448 contu-

172 472 244 515 152
264 477 408 526 iisset.
476 479 577 526 Nec
613 495 750 525 nunc
782 478 1066 545 quidquam
1104 480 1286 546 agitur,
1322 479 1466 542 (mihi
1490 479 1692 539 credite,

261 558 473 616 iudices,
509 571 562 606 et
603 560 870 628 prospicite
906 560 982 618 id,
1016 560 1154 627 quod
1188 561 1557 629 providendum
1597 550 1695 623 est)

262 641 357 688 nisi
393 653 451 689 ut
485 653 712 707 equester
746 641 868 690 ordo
904 643 958 690 in
994 642 1203 691 huiusce
1246 643 1363 708 legis
1404 643 1716 711 periculum5

261 721 608 771 concludatur.
678 725 852 790 Neque
886 723 982 772 hoc
1016 724 1183 791 agitur
1217 724 1280 771 ab
1315 724 1570 784 omnibus,
1603 723 1690 773 sed

259 822 285 851 a
323 805 507 871 paucis.
544 806 671 853 Nam
706 806 740 853 ii
776 809 1056 864 Senatores,
1092 806 1182 872 qui
1217 823 1266 854 se
1299 806 1445 854 facile
1481 817 1691 854 tuentur

258 884 544 950 integritate
578 898 627 934 et
660 885 947 934 innocentia
969 925 979 944 ‚
1030 887 1202 952 quales
1249 885 1328 948 (ut
1358 903 1472 933 vere
1505 881 1691 946 dicam)

258 985 342 1016 vos
374 968 505 1027 estis,
543 980 592 1017 et
626 969 810 1025 ceteri,
855 969 943 1035 qui
980 970 1087 1016 sine
1121 967 1401 1036 cupiditate
1440 963 1690 1023 vixerunt,>

257 1047 449 1115 equites
482 1048 652 1098 ordini
694 1049 954 1098 Senatorio
990 1048 1234 1115 dignitate
1279 1048 1532 1116 proximos
1576 1043 1744 1097 con-¹⁶

257 1128 428 1177 cordia
465 1129 895 1178 coniunctissimos
940 1146 1038 1178 esse
1086 1128 1329 1196 cupiunt:
1375 1128 1459 1177 sed
1495 1128 1561 1186 ii,
1596 1127 1702 1196 qui

256 1226 355 1258 sese
370 1211 551 1259 volunt
565 1227 702 1278 posse
728 1211 894 1258 omnia
910 1248 921 1266 ,
947 1228 1113 1277 neque
1130 1223 1387 1279 practerea
1405 1209 1690 1278 quidquam

257 1308 356 1338 esse
391 1303 481 1339 aut
517 1291 570 1339 in
605 1291 813 1339 homine
847 1293 954 1340 ullo
991 1304 1081 1340 aut
1115 1292 1169 1339 in
1205 1291 1409 1347 ordine,
1456 1291 1552 1341 hoc
1581 1309 1688 1340 uno

257 1384 398 1420 metu
442 1389 490 1420 se
523 1384 709 1440 putant
754 1372 947 1439 equites
989 1375 1236 1421 Romanos
1290 1373 1344 1420 in
1391 1384 1686 1441 potestatem

251 1472 394 1503 suam
429 1453 744 1514 redacturos,
782 1456 821 1503 si
857 1455 1189 1503 constitutum
1223 1466 1305 1512 est,
1329 1466 1390 1502 ut
1418 1453 1480 1502 de
1506 1454 1578 1513 iis,
1592 1454 1738 1522 qui15

249 1550 356 1584 rem
390 1534 688 1593 iudicarent,
724 1536 1074 1585 huiuscemodi
1111 1535 1298 1585 iudicia
1338 1537 1447 1584 fieri
1481 1535 1683 1605 possint.

246 1615 444 1666 Vident
488 1618 624 1665 enim
672 1617 1027 1666 auctoritatem
1074 1616 1229 1665 huius
1277 1617 1471 1667 ordinis
1503 1617 1685 1666 confir-

247 1697 404 1746 mari:
439 1697 614 1747 vident
648 1698 837 1746 iudicia
871 1698 1217 1766 comprobari:
1262 1698 1360 1747 hoc
1392 1711 1532 1747 metu
1567 1717 1684 1768 pro-

247 1781 423 1848 posito,
442 1781 651 1828 evellere
683 1799 731 1828 se
766 1782 1001 1829 aculeum
1034 1780 1304 1829 severitatis
1335 1794 1523 1830 vestrae
1544 1796 1682 1852 ppsse

171 1862 243 1905 ¹55
262 1863 539 1912 confidunt.
621 1864 749 1926 Quis
782 1865 918 1912 enim
953 1863 1014 1912 de
1047 1863 1253 1912 homine
1285 1861 1488 1920 audeat,
1528 1863 1737 1931 paulo²⁰

248 1945 525 1994 maioribus
560 1947 741 2014 opibus
776 1946 1027 2014 praedito,
1078 1963 1192 1994 vere
1227 1958 1276 1993 et
1309 1944 1508 1993 fortiter
1549 1942 1681 1992 iudi-

249 2044 385 2076 care:
432 2045 594 2094 quum
630 2027 817 2083 videat,
853 2028 948 2077 sibi
986 2027 1047 2076 de
1081 2045 1164 2086 eo,
1209 2027 1347 2095 quod
1381 2025 1557 2075 coierit
1588 2038 1679 2075 aut

357 2146 398 2186 6.
425 2146 651 2186 includatur
759 2167 763 2170 «
842 2161 900 2188 12.
927 2161 969 2186 se
998 2146 1137 2186 volunt
1294 2145 1366 2207 ΞΘ.
1396 2144 1622 2184 huiusmodi

342 2269 371 2291 ι.
397 2268 465 2303 qua
494 2263 549 2291 est
572 2267 654 2290 usus
681 2268 724 2290 ex
761 2257 968 2290 coniectura
1002 2257 1167 2290 Manutii
1190 2264 1240 2289 στ
1323 2259 1492 2299 quaestus
1516 2266 1543 2287 s.
1582 2263 1676 2299 que-

248 2309 322 2337 stus
347 2303 772 2348 Πβγὸεζικλμνοπ
790 2315 809 2345 ρ
889 2316 973 2335 suae
1008 2306 1045 2336 in
1071 2307 1255 2348 equestres
1282 2301 1417 2334 iudices
1443 2314 1462 2342 η
1534 2311 1604 2344 qua
1629 2319 1675 2326 -—

244 2351 384 2384 iudices
409 2363 476 2387 om.
504 2352 523 2390 ξ
659 2363 693 2387 2,
719 2348 911 2384 obtulisset
933 2350 1073 2384 iklms
1185 2350 1215 2383 5.
1249 2353 1414 2392 equester
1439 2346 1544 2392 ordo]
1571 2346 1676 2390 cqui-

243 2402 298 2430 tes
325 2398 476 2431 Romani
502 2397 578 2432 cod⁴
603 2397 720 2434 Lamb.
748 2407 856 2440 equos
884 2398 919 2430 R.
947 2396 1058 2430 iklm
1092 2396 1152 2430 Fr.
1185 2407 1209 2429 ι.
1240 2394 1341 2429 Beck.
1423 2395 1456 2429 6.
1483 2392 1676 2427 concluda-

243 2449 303 2476 tur
326 2447 394 2477 AB
449 2446 710 2480 concludantur
747 2441 847 2477 codd.
874 2444 999 2476 ‘Lamb-
1064 2442 1267 2475 includatur
1297 2441 1368 2474 Ro
1523 2442 1554 2474 S·
1588 2449 1676 2471 vero

243 2490 404 2523 ABhix
510 2504 561 2526 12.
593 2504 669 2527 sese
694 2492 766 2525 AB
813 2502 849 2524 se
873 2492 941 2524 Ro
1049 2490 1101 2534 ¹4·
1130 2490 1168 2522 in
1192 2492 1370 2533 potestate
1395 2497 1455 2519 sua
1487 2487 1523 2519 Π
1548 2489 1674 2532 (prae-

243 2544 299 2569 ter
322 2537 361 2577 k)
385 2536 535 2584 δεζκμ
679 2541 728 2572 15·
754 2539 782 2570 si
817 2538 1053 2570 constitutum
1093 2541 1147 2568 est
1180 2537 1226 2567 II
1247 2533 1325 2570 edd.
1351 2541 1434 2566 ante
1458 2532 1579 2566 Lamh.
1641 2532 1671 2564 si

243 2584 478 2616 constitutum
504 2587 551 2618 sit
578 2587 597 2625 ξ
654 2587 682 2619 si
709 2584 756 2618 sit
781 2589 891 2616 const.
918 2595 938 2615 τ
986 2583 1014 2615 si
1050 2581 1283 2615 constitutum
1317 2584 1411 2612 esset
1444 2591 1488 2612 ex
1525 2578 1677 2612 Graevii

244 2630 339 2662 coni.
389 2639 437 2674 ρσ
530 2633 590 2679 iis]
619 2632 674 2665 his
700 2635 730 2665 A
861 2632 907 2665 ¹6.
937 2629 1024 2676 rem]
1057 2640 1111 2664 res
1137 2630 1156 2668 ξ
1228 2627 1421 2660 iudicarint
1453 2627 1528 2664 νξῑ
1601 2625 1671 2658 hu-

242 2676 439 2710 iuscemodi
474 2680 517 2712 Π
554 2683 731 2726 (praeter
755 2680 813 2712 im
832 2681 850 2716 )
886 2677 1042 2722 εκλμν
1143 2672 1351 2709 huiusmodi
1391 2673 1495 2719 vulg*
1585 2681 1671 2718 pos-

244 2727 323 2756 sent
348 2733 367 2768 ρ
385 2731 408 2755 σ
