1846 3178
330 190 349 222 1
361 176 422 223 26
931 170 1144 211 omno

324 294 546 352 crimen,
578 293 663 344 sed
695 311 759 343 ne
793 294 906 342 ficta
942 293 1152 374 quidem
1183 286 1397 364 suspicio
1431 267 1739 388 pervenirem

323 388 375 424 et
406 377 489 424 cui
523 390 625 424 non
661 374 808 423 modo
843 386 1017 443 aperta
1051 374 1376 426 inimicorum
1408 375 1736 446 oppugnatioq

321 456 406 505 sed
456 474 520 504 ne
564 457 786 505 occultae
838 454 1049 522 quidem
1091 455 1264 505 matris
1305 457 1514 507 insidiae
1558 472 1739 509 nocere

320 538 610 606 potuissent.
642 537 886 586 Larinum
910 550 1178 607 postquam
1210 536 1378 588 venitz‘
1406 556 1536 606 quae
1567 543 1740 597 aStra÷

282 660 284 662 -
322 636 440 673 tone
487 623 576 672 illo
617 640 870 672 venenum
917 637 1065 673 antea
1107 623 1216 673 viro
1256 641 1345 674 suo
1397 624 1598 687 datum,-
1640 627 1767 677 sibi&

316 723 611 773 persuasum
644 722 741 754 esse
773 704 1061 764 simulasset,
1083 706 1381 756 instructam
1408 707 1461 756 'ei
1494 695 1740 758 continuo·

317 797 367 834 et
402 798 630 835 ornatam
661 787 834 834 Larini
867 785 1147 834 medicinae
1180 786 1479 836 exercendae
1500 801 1647 845 causa
1669 802 1742 839 ta-

220 870 281 921 64
315 867 525 917 bernam
569 867 718 916 dedit.
794 869 982 926 Unum,
1012 868 1253 926 alterum,
1302 869 1742 926 tertiumanmm

318 949 469 998 Sassia
514 950 827 1016 quiescebat,
882 962 945 998 ut
989 950 1116 999 velle
1157 963 1309 1017 atque
1342 951 1743 1018 optarealiquid

320 1031 614 1080 calamitatis
645 1031 750 1080 filio
783 1032 966 1100 potius,
995 1051 1149 1098 quam
1183 1031 1237 1079 id
1269 1043 1462 1081 struere
1494 1043 1544 1080 et
1572 1030 1797 1087 molirim

224 1138 300 1179 ¹79
321 1112 590 1162 videretur.
665 1115 798 1161 Tum
845 1113 1055 1162 interim
1095 1115 1387 1171 Hortensio,
1433 1113 1492 1176 Q.
1537 1113 1741 1164 Metello

318 1195 641 1252 Consulibus,
676 1207 736 1243 ut
770 1194 908 1243 hunc
945 1195 1307 1262 Oppianicum,
1342 1194 1484 1244 aliud
1513 1207 1742 1263 agentem

315 1295 373 1325 ac
406 1276 539 1325 nihil
572 1274 814 1323 eiusmodi
849 1275 1181 1340 cogitantem,
1215 1275 1280 1323 ad
1312 1275 1444 1325 hanc
1476 1277 1741 1327 accusatio·

314 1374 434 1407 nem
471 1356 782 1415 detraheret,
819 1356 979 1405 invito
1013 1356 1278 1424 despondit
1310 1358 1356 1406 ei
1390 1357 1548 1408 filiam
1580 1377 1740 1427 suam,

314 1440 480 1499 illam,
527 1458 684 1507 quam
723 1457 781 1487 ex
825 1455 1008 1506 genero
1041 1451 1339 1507 susceperat,
1374 1450 1434 1487 ut
1467 1457 1611 1499 eum,
1645 1445 1796 1496 iau-15²

311 1522 432 1590 ptiis
465 1522 727 1588 alligatum
758 1521 911 1570 simul
946 1534 997 1569 et
1030 1522 1308 1570 testamenti
1328 1538 1413 1589 spe
1437 1519 1740 1582 devinctum,

310 1617 472 1672 posset
502 1603 687 1652 habere
722 1604 778 1651 in
810 1615 1064 1671 potestate.
1099 1605 1207 1652 Hoc
1257 1603 1362 1672 ipso
1389 1603 1492 1652 fere
1516 1616 1741 1672 tempore

316 1688 480 1735 Strato
514 1686 600 1733 ille
633 1683 854 1733 medicus
887 1683 1027 1733 domi
1063 1685 1262 1734 furtum
1296 1685 1414 1735 fecit
1450 1699 1500 1734 et
1534 1685 1739 1737 caedem

310 1763 568 1813 eiusmodi.
637 1765 814 1827 Quum
847 1778 968 1814 esset
1003 1765 1059 1815 in
1093 1765 1300 1815 aedibus
1333 1767 1633 1827 armarium,
1682 1768 1738 1818 in

311 1864 418 1913 quo
459 1846 606 1895 sciret
644 1863 741 1895 esse
783 1864 1115 1896 nummorum
1148 1849 1471 1914 aliquantum
1505 1862 1555 1899 et
1589 1851 1791 1903 aur-imo*

311 1940 469 1977 noctu
515 1926 639 1976 duos
673 1944 930 1976 conservos
962 1926 1257 1978 dormientis
1291 1928 1473 1979 occidit
1506 1931 1562 1980 in
1593 1931 1737 2000 pisci-

313 2026 534 2076 namque
581 2007 787 2067 deiecitft
835 2010 939 2078 ipse
985 2010 1187 2058 armarii
1229 2011 1450 2061 fundum
1505 2017 1734 2072 exsecuit,
1808 2032 1811 2034 ·

312 2105 362 2140 et
396 2093 444 2140 H
485 2090 606 2140 S.³‘'<²¹'³
638 2103 690 2140 et
721 2091 834 2139 auri
867 2091 1100 2157 quinque
1134 2091 1303 2160 pondo
1348 2093 1580 2153 abstulit,
1627 2108 1734 2143 uno

219 2187 289 2227 180
322 2191 381 2222 ex
422 2172 570 2221 servis
613 2188 775 2240 puero
819 2190 928 2221 non.
971 2171 1150 2238 grandi
1185 2174 1393 2223 conscio.
1458 2175 1615 2224 Furto
1650 2194 1736 2244 po-

425 2303 487 2329 11.
521 2290 759 2337 Hortensio,
792 2288 955 2329 Metello

404 2422 437 2443 2.
473 2414 593 2453 aperte
629 2389 920 2455 ocdefgmsc
996 2410 1028 2443 3.
1062 2410 1204 2444 occulte
1237 2409 1504 2457 bodesghdc
1640 2403 1671 2456 4³.
1640 2412 1733 2493 [εἴ]

311 2469 375 2502 per
400 2456 464 2489 Ab
489 2459 620 2497 (corr.)
661 2468 725 2489 om.
749 2456 777 2488 Β
824 2457 1027 2489 Stratonem
1052 2458 1118 2490 AB
1239 2469 1287 2490 ιο.
1313 2469 1417 2502 quam
1444 2470 1507 2491 om.
1532 2460 1563 2493 A
1652 2497 1654 2499 ‚

314 2504 359 2546 Q
387 2503 535 2536 Metello
561 2501 928 2548 Πβγδεζηθικιι
973 2504 1122 2536 Metello
1150 2504 1230 2542 λνξ
1254 2509 1350 2551 seqq.
1451 2517 1499 2539 ια.
1515 2504 1614 2538 aliud
1637 2504 1658 2539 k
1675 2504 1735 2547 (αι’

317 2549 472 2591 videtum
500 2550 678 2595 οκλμνξ
699 2561 794 2597 seqq.
866 2549 963 2593 aliqu
956 2549 1007 2581 sid
1031 2549 1151 2589 Βδεζ
1257 2552 1308 2593 14.
1333 2550 1530 2585 attraheret
1557 2553 1576 2590 ξ
1680 2562 1732 2596 ¹7·

313 2605 378 2639 pos
366 2602 475 2634 sset,
464 2599 546 2640 <qt
593 2596 707 2640 possit
735 2599 773 2628 11
800 2596 882 2630 ›ffell
908 2594 984 2628 cdd.
1056 2608 1110 2633 22,
1135 2597 1261 2630 armari
1286 2598 1314 2631 Β
1360 2598 1414 2631 23.
1432 2596 1480 2644 et]
1513 2610 1555 2631 ex
1577 2593 1612 2631 B
1653 2597 1734 2642 Hs]

316 2643 560 2674 sestertiorum
596 2642 701 2675 Ab—
722 2643 735 2674 i
763 2652 847 2688 εμν
917 2648 1160 2681 sexteruorum
1185 2655 1217 2676 m
1279 2643 1523 2678 sestertiorum
1555 2644 1624 2678 Ch
1653 2643 1737 2679 aui-il

318 2688 408 2722 coni.
432 2690 508 2725 Jac
539 2689 742 2744 Gronovius
