1846 3178
267 186 344 220 xlv

269 301 422 355 egregio
483 297 770 352 salisburgensi
833 294 1104 349 usurpandum
1149 294 1263 334 nobis
1302 293 1492 336 concessit
1535 304 1690 333 summa

266 387 410 442 Regiae
447 386 711 426 bibliothecae
744 385 1028 438 praefectorum
1071 381 1285 422 liberalitas
1303 413 1316 433 ,
1359 394 1564 434 nunquam
1593 380 1688 421 satis

268 473 383 514 nobis
407 472 668 527 praedicanda
684 502 694 522 ‚
736 479 924 525 perpetua
962 474 1179 526 scripturae
1205 470 1482 524 discrepantia.
1535 467 1614 508 Sed
1642 467 1685 507 hi

268 559 363 599 libri
391 572 550 607 omnes,
597 564 793 611 quotquot
821 564 932 609 sunt,
978 557 1028 596 ad
1056 571 1181 596 unum
1210 556 1393 609 idemque
1419 567 1540 607 genus
1563 555 1690 608 perti-

269 652 382 697 nent,
400 660 445 685 ex
474 659 555 699 quo
582 644 741 698 vulgata
771 642 883 683 fluxit
914 643 1114 683 recensio:
1148 643 1323 682 bonitate
1349 640 1508 695 quidem
1528 639 1692 695 paulum

270 734 374 773 inter
418 747 459 772 se
493 731 664 781 distant,
711 745 834 785 quum
872 729 937 769 alii
977 731 1079 770 hanc
1107 730 1342 769 deteriorem
1370 729 1539 774 formam
1563 729 1694 768 minus

272 824 501 871 corruptam
540 826 856 871 repraesentent,
903 816 968 855 alii
996 822 1151 869 praeter
1182 816 1407 855 communia
1437 817 1533 856 vitia
1559 815 1695 856 multis

272 913 311 945 ct
339 905 461 945 foedis
487 904 641 946 mendis
673 913 862 956 scateant,
897 920 1099 960 quumque
1140 904 1205 943 alii
1241 905 1459 944 orationem
1501 907 1695 959 integram

273 993 515 1040 contineant,
563 990 631 1030 alii
676 991 856 1044 pluribus
900 993 995 1031 locis
1039 994 1155 1032 unius
1197 993 1416 1033 duarumve
1458 976 1728 1046 paginarum?

272 1079 423 1118 iactura
464 1078 586 1118 hiulci
643 1079 737 1118 sint.
795 1079 877 1118 Nos
908 1079 1069 1132 quidem
1101 1081 1142 1118 in
1170 1079 1311 1120 ordine
1340 1080 1520 1120 codicum
1547 1079 1696 1119 consti-

271 1164 421 1204 tuendo
463 1172 657 1219 quantum
702 1166 785 1204 ficri
831 1167 972 1218 potuit,
1016 1180 1177 1219 operam
1209 1166 1419 1218 dedimus,
1450 1174 1494 1206 ut
1522 1165 1698 1206 eiusdem

270 1248 441 1289 familiae
492 1250 667 1304 exempla
694 1253 905 1291 coniuncta
933 1259 1174 1305 appareant:
1220 1252 1328 1305 quod
1353 1254 1395 1292 in
1423 1253 1506 1306 ipso
1533 1264 1698 1291 recensu

271 1336 404 1375 statim
432 1336 707 1377 iudicabimus.
761 1337 862 1377 Sunt
890 1338 1008 1391 igitur
1047 1339 1180 1392 scripti
1206 1337 1323 1389 libri,
1366 1353 1539 1393 quorum
1567 1339 1699 1381 varie-

270 1430 393 1464 tatem
419 1422 600 1464 dedimus
618 1453 629 1474 ,
660 1422 719 1463 hi.

494 1617 533 1662 Ι.
601 1612 859 1664 Codices
907 1615 1469 1682 praestantissimi.

381 1759 435 1802 A.
489 1758 622 1800 Codex
658 1759 754 1800 olim
793 1758 1036 1814 salisburgi,
1079 1775 1186 1800 nunc
1228 1762 1270 1799 in
1298 1760 1539 1801 bibliotheca
1579 1762 1702 1816 Regia

273 1846 500 1887 Monacensi
525 1846 600 1888 sub
629 1860 699 1887 no.
730 1846 795 1890 55.
813 1855 831 1874 ²
859 1854 1061 1898 servatus,
1106 1846 1239 1887 seculo
1267 1847 1350 1887 fere
1383 1846 1536 1887 decimo
1564 1849 1706 1902 quinto

274 1933 562 1988 elegantissima
603 1949 726 1975 manu
767 1936 810 1975 in
837 1935 1077 1975 membranis
1118 1935 1267 1975 formae
1306 1937 1500 1976 maximae
1528 1936 1707 1976 conseri-¹

274 2028 396 2076 ptus:
424 2021 661 2073 Cluentiana
687 2024 814 2063 oratio
846 2024 950 2062 inter
973 2024 1133 2077 triginta
1163 2023 1261 2063 duas
1298 2022 1430 2063 locum
1473 2023 1706 2070 vicesimum

276 2107 446 2149 alterum
475 2116 606 2149 tenet:
647 2110 716 2150 sed
743 2125 787 2151 ex
814 2111 976 2164 reliquis
1005 2111 1190 2150 omnibus
1206 2141 1217 2160 ,
1260 2118 1455 2165 quantum
1483 2111 1613 2152 obiter
1635 2126 1704 2153 eos

277 2195 546 2250 percurrendo
572 2196 769 2249 intellexi,
818 2198 883 2237 vix
914 2197 993 2237 ulla
1033 2198 1226 2251 insignem
1254 2199 1482 2238 varietatem
1526 2199 1706 2253 praebet.

278 2281 341 2323 Cl.
386 2282 645 2331 Wunderus‚
685 2282 755 2336 qui
795 2282 965 2322 eundem
1005 2281 1152 2322 librum
1194 2297 1322 2337 nuper
1360 2282 1411 2323 ad
1449 2283 1709 2331 Plancianum

280 2368 449 2418 contulit
472 2369 633 2426 (Mb),
660 2383 807 2424 paucas
834 2371 876 2408 in
903 2383 951 2409 eo
971 2369 1144 2409 melioris
1164 2378 1281 2410 notae
1302 2372 1515 2425 scripturas
1543 2372 1711 2418 invenit.

387 2457 442 2496 B.
501 2457 633 2513 Codex
663 2455 985 2496 membranaceus
1016 2456 1143 2495 forma
1174 2455 1214 2508 4.
1245 2458 1359 2509 mah,
1398 2458 1441 2497 in
1469 2449 1711 2503 bibliotheca

280 2543 550 2597 Laurentiano.
579 2558 622 2583 n.
658 2557 718 2582 12.
752 2541 877 2597 plutei
905 2541 1123 2595 XLV111.,
1159 2543 1325 2597 Lagom.
1357 2558 1400 2583 n.
1433 2557 1493 2603 ¹²?
1547 2544 1714 2590 Praeter

285 2637 462 2677 nostram
489 2630 660 2681 sedecim
691 2628 895 2690 Ciceronis
922 2630 1120 2670 orationes
1143 2631 1340 2682 continet,
1368 2631 1438 2680 sed
1466 2631 1619 2677 nullam
1645 2646 1712 2677 ee-
