1846 3178
581 104 694 182 Pno
725 140 779 181 A.
811 139 1114 182 omnmo,
1508 150 1573 212 93

133 268 423 338 qmadontra
448 267 607 317 ‘vellet
643 265 824 326 dicere,
856 283 1072 317 usurum
1093 283 1193 317 esse
1203 281 1322 316 eum
1332 283 1421 317 suo
1443 268 1577 319 testi-‘-

131 350 336 404 man-im·
365 347 552 398 deinde
585 366 751 417 quum
787 367 936 398 nemo
971 360 1147 398 contra
1181 347 1397 406 diceret,
1433 349 1576 399 iussit

129 448 324 500 equum
349 429 633 482 traducere.
682 433 760 480 Ita
797 429 861 489 is,
897 430 1043 480 cuius
1077 430 1293 480 arbitrio
1327 443 1378 480 et
1410 449 1575 500 popu-

126 515 227 565 lus
238 515 495 565 Romanus
527 525 579 563 et
609 525 807 562 exterae
839 526 1008 580 gentes
1029 526 1296 563 contentae
1328 530 1427 562 esse
1455 531 1574 563 con-

102 603 363 655 suerant,
397 595 504 665 ipse
535 614 624 646 sua
657 596 865 646 scientia
900 594 965 644 ad
993 595 1328 663 ignominiam
1361 596 1572 645 alterius

125 689 398 738 contentus
442 696 550 727 non
596 677 711 727 fuit.
792 675 986 740 Quodsi
1031 677 1128 726 hoc
1171 678 1361 726 Habito
1406 678 1574 737 facere

124 759 369 820 licuisset,
405 759 578 818 facile,
614 759 716 808 illis
749 758 868 827 ipsis
902 758 1182 816 iudicibus,
1204 755 1205 762 ¹
1225 772 1276 809 et
1308 759 1460 809 falsae
1492 779 1574 809 su-

122 841 339 912 spicioni
373 853 424 891 et
450 838 670 890 invidiae
688 839 1009 909 populariter
1035 840 1278 890 excitatae
1300 841 1571 891 restitisset.

256 925 433 978 Unum
476 922 631 972 etiam
675 934 769 981 est,
815 920 956 988 quod
1000 939 1082 971 me
1114 922 1332 972 maxime
1367 937 1570 991 pertur-

74 1005 232 1067 1obat‚
269 1003 354 1058 cui
389 1005 501 1055 loco
534 1002 839 1072 respondere
872 1021 1011 1073 posse
1044 1005 1128 1054 vix
1172 1005 1380 1066 videor,
1428 1006 1572 1077 quod

122 1087 347 1156 elogium
388 1086 608 1136 recitasti
653 1085 716 1134 de
760 1097 1057 1135 testamento
1094 1088 1183 1136 Cn.
1219 1087 1436 1156 Egnatii,
1484 1108 1571 1159 pa-

121 1170 239 1240 tria,
274 1168 499 1224 hominis
532 1168 866 1218 honestissimi
912 1168 1149 1220 videlicet
1181 1182 1233 1220 et
1264 1172 1572 1240 sapientissi-

118 1253 214 1305 mi:
257 1250 456 1305 ,idcirco
504 1269 554 1302 se
597 1250 919 1300 exheredasse
965 1251 1160 1309 filium,
1220 1253 1363 1321 quod
1396 1256 1458 1305 ‘is
1503 1256 1569 1304 ob

117 1333 398 1404 Oppianici
446 1332 926 1383 condemnationem
968 1335 1243 1403 pecuniam
1287 1338 1568 1406 accepisset.

68 1418 198 1474 15De
230 1417 377 1466 cuius
412 1415 636 1466 hominis
682 1417 885 1465 levitate
927 1428 978 1465 et
1026 1418 1367 1468 inconstantia
1413 1422 1567 1489 plura

116 1517 224 1549 non
259 1497 438 1548 dicam.
474 1500 584 1548 Hoc
621 1510 978 1548 testamentum
1013 1499 1193 1568 ipsum,
1215 1501 1356 1568 quod
1373 1503 1565 1561 recitas,

115 1579 363 1637 eiusmodi
405 1593 499 1639 est,
553 1592 614 1629 ut
647 1580 759 1639 ille,
806 1598 971 1647 quum
1005 1598 1125 1629 eum
1161 1582 1328 1632 filium
1364 1584 1567 1632 exhere-

115 1663 289 1723 daret,
323 1679 481 1730 quem
523 1661 725 1721 oderat,
773 1663 820 1710 ei
870 1663 976 1712 filio
1023 1664 1292 1714 coheredes
1333 1665 1567 1714 homines

112 1744 440 1796 alienissimos
485 1743 812 1812 adiungeret,
846 1763 1000 1813 quem
1037 1745 1294 1814 diligebat.
1362 1747 1458 1797 Sed
1493 1761 1567 1808 tu,

60 1827 261 1888 20Acci‚
299 1826 599 1887 consideres,
637 1845 835 1886 censeo,
872 1827 1172 1896 diligenter,
1223 1843 1404 1883 utrum
1438 1832 1566 1882 Cen-

226 1998 261 2028 1.
304 1990 446 2024 contra
489 1982 622 2024 dicere
656 1982 779 2023 vellet
981 1999 1020 2024 2.
1063 1993 1204 2026 contra
1250 1999 1370 2026 nemo
1414 1985 1564 2026 diceret

219 2039 261 2080 3.
302 2039 444 2093 ltaque
477 2040 511 2078 is
675 2053 717 2094 9.
761 2038 975 2080 conturbat
1157 2041 1218 2095 14.
1263 2042 1564 2082 damnationem

225 2109 288 2150 ¹9·
320 2096 580 2149 conjungeret

207 2228 238 2254 ι,
265 2215 328 2261 qui
355 2213 936 2264 ABbdefgpqrstuoefisqt
1030 2218 1142 2252 vellet
1179 2217 1301 2252 dicere
1328 2219 1398 2253 AB
1491 2217 1562 2257 dic,

107 2263 221 2298 vellet
253 2264 326 2298 ΒΟ
390 2273 443 2295 us-
472 2275 548 2296 esse
583 2268 659 2295 tum
685 2264 762 2296 eius
788 2269 867 2298 test.
896 2263 951 2304 ὃζ
1083 2278 1111 2299 2.
1140 2276 1247 2299 nemo
1275 2272 1398 2299 contra
1425 2264 1563 2299 diceret

109 2311 180 2346 AB
227 2315 351 2344 contra
376 2321 483 2344 nemo
509 2309 578 2343 dic.
605 2310 676 2343 Ro
816 2313 848 2349 3.
883 2311 939 2344 ita
969 2313 1038 2346 AB
1094 2313 1218 2358 itaque
1252 2314 1325 2347 ΒΟ
1374 2319 1411 2346 et
1446 2325 1514 2346 om.
1537 2324 1563 2345 α

109 2357 143 2405 4.
169 2363 387 2392 consuerant
408 2368 461 2399 ητ
519 2363 741 2391 consuerunt
768 2360 813 2391 Π
857 2360 1025 2404 (praeter
1049 2360 1122 2402 iw)
1144 2359 1235 2403 γδζ
1293 2365 1563 2395 consueverunt

109 2405 426 2450 αεικλμνξοπ
512 2411 774 2438 consueverant
800 2412 855 2450 ρσ
989 2408 1020 2440 5.
1049 2409 1203 2439 scientia
1230 2409 1298 2449 11,
1322 2406 1400 2441 cod.
1430 2406 1564 2445 Drestl,

107 2450 227 2496 βγδε
239 2452 362 2498 ζμρσ
408 2452 633 2485 conscientia
658 2451 790 2485 Franc.
819 2449 920 2488 codd.
946 2463 1000 2494 αη
1016 2466 1029 2485 ι
1044 2455 1099 2486 κλ
1114 2466 1134 2487 ν
1149 2456 1195 2492 ξο
1213 2464 1274 2487 nt
1389 2465 1422 2498 9.
1447 2466 1562 2488 unum

108 2503 164 2532 est
187 2498 296 2532 etiam
322 2507 373 2532 αε
466 2499 624 2532 maxime
648 2509 705 2531 mc
731 2509 783 2531 αε
878 2500 1070 2544 perturbat
1093 2501 1195 2534 ABb
1269 2499 1463 2535 conturbat
1486 2502 1515 2536 R
1530 2502 1559 2535 Ο

112 2557 165 2580 ιο.
187 2545 248 2579 vix
272 2545 399 2580 videor
423 2556 529 2590 posse
554 2546 640 2592 AB,
719 2558 768 2580 ιι.
798 2545 981 2590 eulogium
1007 2559 1031 2580 α
1105 2549 1282 2592 eclogium
1308 2549 1327 2587 ξ
1350 2583 1354 2591 ,
1435 2549 1486 2585 13.
1511 2549 1560 2580 ob

107 2590 302 2641 Agl-ptr}
341 2604 440 2641 seqq.
489 2592 535 2626 ab
570 2594 600 2629 B
670 2593 716 2627 ad
751 2591 906 2632 Radec
1006 2594 1057 2638 ¹4·
1094 2585 1435 2628 condemnatidnem
1475 2597 1506 2628 A
1531 2596 1561 2629 B

108 2639 376 2674 damnationem
411 2641 486 2674 Ro
669 2654 719 2688 ¹9·
748 2639 964 2686 adiungeret
996 2642 1091 2676 ABb
1122 2645 1257 2685 (corta)
1293 2641 1396 2681 codd,
1429 2642 1552 2680 Lamb,

108 2685 349 2732 coniungeret
374 2687 445 2721 ΒΟ

1594 928 1668 968 ι55
