1846 3178
0 686 12 762 -unss
0 598 10 679 -s-*q-
0 579 4 592 ν’
0 554 3 558 v

0 768 15 844 “WV

38 776 46 785 v·

1515 162 1566 195 11

58 277 63 286 ’
132 284 281 337 1²:123ss
303 284 366 327 ιδ.
395 298 491 326 nam
518 298 619 341 qnae
645 283 782 325 videre
809 290 903 323 cett.
1046 294 1108 329 ne,
1139 290 1259 335 quam
1287 275 1422 316 videre
1448 282 1545 316 cett.
1567 313 1569 315 ,

134 388 162 412 »-
183 372 256 426 -ffi,
311 387 356 430 9.
385 388 456 429 ego
469 404 481 424 ,
511 374 583 429 qui
606 372 665 412 ad
689 373 886 411 hominum
907 385 981 425 pe-
1036 382 1105 422 ego
1124 380 1243 423 quum
1266 364 1328 405 ad
1345 363 1468 402 amici
1490 378 1566 418 pe-

393 463 526 504 ricula
553 460 801 514 defendenda
841 457 987 499 adiun-
1044 456 1171 496 ricula
1189 451 1423 509 depellenda
1451 451 1569 491 adhi-

348 569 353 580 ⁴
392 564 507 606 geter
1047 546 1160 585 beret·

133 657 154 680 n
185 639 351 694 ²0,*18.
379 653 448 695 spe
472 638 621 694 optime
649 637 885 693 confirmato
1040 647 1109 689 spe
1135 633 1286 687 optima
1311 609 1542 688 confirmato

132 746 154 768 ι·
183 728 254 782 45,
290 743 304 770 1
318 743 351 773 ι.
377 727 660 783 comunpendi
686 725 965 778 iudiciisaisse
1041 720 1319 775 corrumpendi
1326 720 1459 772 fuisse

133 833 154 856 ι
184 815 253 872 47,
319 830 354 856 1.
388 816 494 856 datis
521 814 743 855 muneribus
1044 810 1159 849 donis
1194 808 1300 848 datis
1327 808 1568 848 muneribus·-

1045 912 1118 952 que

133 1009 154 1032 ι
184 1015 253 1043 -,
289 993 353 1034 13.
382 991 526 1031 bestiae
542 986 665 1044 same
692 989 864 1029 monitae
1043 985 1184 1024 bestiae
1192 984 1317 1036 same
1341 981 1569 1022 dominante

130 1076 252 1134 150,
286 1093 349 1135 17.
380 1079 542 1120 minime
580 1091 743 1118 amarus
782 1077 833 1116 iis
877 1077 984 1116 visus
1037 1075 1136 1114 min.
1173 1085 1257 1112 am.
1306 1073 1340 1111 is
1365 1073 1471 1112 visus
1496 1081 1568 1123 est,

383 1175 439 1207 est
455 1197 467 1215 ,
496 1166 569 1220 qui
591 1188 647 1197 —-
676 1165 928 1218 degustarant
1042 1163 1112 1217 qui
1142 1183 1196 1192 —
1224 1161 1454 1214 degustarat

131 1272 152 1296 ι
183 1255 254 1310 51,
311 1255 352 1294 3.
381 1254 550 1294 nationis
591 1253 718 1305 magis
761 1265 881 1307 quam
919 1265 988 1304 ge-
1043 1250 1213 1289 nationis
1254 1261 1350 1289 suae
1378 1249 1502 1301 magis
1528 1262 1568 1303 q.

377 1341 482 1382 neris
1040 1338 1192 1391 generis

129 1447 149 1471 ι
180 1429 252 1483 64,
285 1443 353 1469 21.
383 1437 463 1468 tum
488 1428 660 1483 populus
687 1427 884 1467 Romanus
1043 1433 1124 1464 tum
1158 1425 1330 1463 Praetor

126 1535 144 1555 n
183 1516 256 1572 67,
286 1530 355 1556 αι.
385 1514 445 1555 At
471 1515 576 1554 enim
606 1515 725 1553 etiam
1033 1511 1095 1551 At
1120 1511 1242 1550 etiam

126 1623 148 1646 n
231 1635 246 1657 ‚
306 1618 346 1644 2.
381 1602 518 1658 quibus
548 1623 598 1634 -
626 1602 712 1640 lices
749 1599 963 1640 maiestatis
1036 1599 1174 1654 quibus
1187 1598 1334 1638 -lites
1358 1606 1479 1639 essent
1501 1611 1570 1637 ae-

388 1699 515 1731 essent
539 1690 782 1730 aestimatae
1041 1688 1219 1727 stimatae

125 1796 146 1819 ι
175 1780 253 1836 81,ι
281 1778 345 1821 16.
379 1793 436 1820 ea·
463 1779 539 1818 hac
564 1778 667 1819 mihi
691 1776 881 1817 concedat
1043 1775 1086 1814 in
1113 1776 1187 1814 hac
1217 1774 1319 1814 milti
1343 1787 1449 1818 conc.

125 1885 146 1907 a
178 1867 248 1919 88,
289 1881 349 1923 ¹9·
379 1868 514 1923 Quare
540 1866 609 1922 qui
640 1867 684 1906 in
711 1865 812 1905 bello
841 1887 893 1894 —-
920 1864 982 1905 de·
1041 1865 1177 1919 Quare
1217 1878 1266 1904 ne
1305 1864 1350 1905 in
1376 1864 1477 1905 bello
1516 1885 1570 1898 -—

381 1957 551 2012 liquerat
1032 1953 1274 2009 delinqueret

124 2063 146 2085 ι
175 2061 246 2102 97,
281 2059 347 2102 19.
371 2048 510 2102 quasi,
539 2047 576 2085 si
603 2045 703 2102 quid
1040 2044 1155 2099 quasi
1176 2043 1278 2099 quid

125 2147 145 2170 n
174 2131 265 2186 114,
294 2132 358 2174 16.
382 2148 463 2190 pro
489 2134 549 2174 rei
576 2133 767 2186 dignitate
1026 2146 1104 2186 pro
1112 2133 1171 2172 rei
1182 2132 1362 2187 publicae
1373 2133 1567 2187 dignitate

230 2310 306 2350 Est
331 2309 411 2350 hoc
441 2309 658 2362 insignium
686 2307 902 2347 lectionum
942 2309 1158 2362 specimen,
1207 2323 1305 2363 quas
1342 2308 1423 2349 duo
1449 2323 1567 2363 prae-

141 2373 147 2387 .

120 2398 354 2439 stantissimi
387 2397 542 2439 codices
590 2398 663 2438 soli
709 2398 823 2438 nobis
865 2398 1204 2453 suppeditarunt:
1246 2400 1288 2438 in
1319 2398 1470 2452 ‘quibus
1500 2413 1567 2440 eas

119 2487 250 2527 omnis
277 2487 637 2541 praetermisimus,
682 2501 784 2540 quae
825 2488 1037 2528 coniuncta
1066 2487 1212 2528 horum
1255 2495 1294 2528 et
1321 2487 1566 2542 Palimpsesti

121 2574 381 2615 Taurinensis
418 2576 656 2616 auctoritate
697 2575 922 2625 firmantur,
971 2588 1103 2628 neque
1132 2589 1197 2615 eas
1234 2578 1566 2616 commemoravi-

121 2674 236 2711 mus,
288 2677 387 2717 quas
433 2661 658 2703 Gulielmus
697 2669 734 2701 et
771 2662 990 2703 Lambinus
1028 2677 1048 2702 e
1083 2663 1163 2703 suis
1203 2663 1407 2705 codicibus
1449 2672 1565 2707 antea
