1846 3178
310 179 328 210 2
345 162 403 210 16
903 154 1117 198 ORATIO

312 294 423 333 tum
454 281 596 332 esse.“
625 281 737 331 Non
771 292 842 330 est
874 279 956 329 ita.
991 279 1085 329 Sed
1109 299 1270 349 quum
1303 282 1384 331 HS
1415 298 1508 330 xxx
1542 279 1729 350 scripta

312 375 470 414 essent
515 381 609 432 pro
655 364 736 411 HS
781 379 891 419 ccc,
941 378 1105 428 neque
1140 363 1185 410 ei
1218 376 1423 412 cautum
1455 364 1572 412 satis
1600 362 1735 412 vide·

310 456 477 494 retur:
511 442 672 492 voluit
704 460 820 491 eum
854 441 1050 509 aliquid
1094 455 1354 512 acceptum
1386 444 1571 494 referre
1610 444 1737 493 libe-

311 525 501 574 ralitati
549 540 678 572 suae.
757 522 926 570 Primo
985 522 1164 570 debere
1209 523 1431 590 negavit:
1476 537 1588 593 post
1625 525 1732 573 sine

309 605 644 655 controversia
676 604 835 652 solvit.
884 603 1021 662 „Ceii
1055 602 1317 652 cuiusdam
1347 605 1580 654 Samnitis
1611 614 1757 655 uxo-5

310 705 417 736 rem
451 699 562 754 post
584 686 775 734 bellum
791 685 854 732 ab
879 685 976 733 hoc
1000 702 1095 733 esse
1117 685 1426 753 repetitam.“
1463 687 1732 736 Mulierem

310 787 475 835 quum
509 767 702 816 emisset
733 785 762 814 a
794 767 1083 825 sectoribus,
1119 784 1221 833 quo
1257 779 1477 836 tempore
1503 786 1612 817 eam
1629 768 1732 837 pri-

309 867 452 898 mum
483 849 696 897 liberam
729 865 828 897 esse
862 847 1075 906 audivit,
1122 848 1228 896 sine
1276 847 1466 899 iudicio
1510 848 1733 899 reddidit

215 949 290 989 165
311 931 440 980 Ceio.
482 930 740 989 „Ennium
772 947 868 979 esse
900 929 1181 996 quendam,
1227 930 1370 980 cuius
1401 932 1535 981 bona
1563 943 1730 982 teneat

309 1011 570 1061 Habitus.“
636 1013 722 1060 Est
750 1011 835 1060 hic
866 1011 1064 1059 Ennius
1096 1029 1240 1079 egens
1287 1013 1498 1077 quidam
1545 1014 1786 1062 calum-10

308 1093 496 1151 uiator,
560 1093 896 1142 mercenarius
959 1093 1256 1161 Oppianici,
1310 1095 1401 1161 qui
1457 1096 1733 1164 permultos

309 1192 468 1223 annos
515 1173 732 1240 quievit:
782 1173 963 1222 deinde
995 1174 1271 1240 aliquando
1305 1193 1422 1223 cum
1453 1177 1601 1225 servis
1631 1179 1733 1226 Ha-

308 1255 406 1303 biti
440 1255 564 1304 furti
600 1256 725 1322 egit:
760 1272 926 1323 nuper
959 1256 1022 1303 ab
1061 1255 1170 1322 ipso
1203 1257 1389 1305 Habito
1423 1270 1592 1326 petere
1625 1275 1733 1307 coe-

308 1337 401 1405 pit.
439 1337 538 1385 Hic
571 1337 659 1385 illo
695 1336 890 1404 privato
927 1336 1129 1395 iudicio,
1166 1336 1312 1399 (mihi
1346 1336 1572 1399 credite,)
1592 1339 1730 1388 vobis

312 1418 491 1468 iisdem
526 1419 731 1468 fortasse
764 1419 1004 1488 patronis,
1035 1419 1344 1468 calumniam
1378 1438 1482 1469 non
1515 1420 1786 1488 effugiet.15

310 1503 478 1567 Atque
533 1502 710 1559 etiam,
760 1513 820 1549 ut
880 1498 1024 1549 nobis
1069 1500 1420 1560 renuntiatur,
1477 1501 1736 1551 hominem

312 1584 596 1631 multorum
630 1582 899 1650 hospitem,
934 1581 1538 1648 Ambivium-quendam,
1589 1601 1737 1650 copo-

311 1682 429 1714 nem
463 1664 524 1713 de
555 1665 633 1713 via
667 1664 870 1722 Latina,
903 1664 1204 1712 subornatis:
1239 1664 1329 1731 qui
1363 1665 1458 1713 sibi
1491 1682 1520 1712 a
1554 1665 1738 1714 Cluen-

313 1748 384 1797 tio
429 1748 676 1814 servisque
720 1747 826 1795 eius
871 1746 925 1794 in
972 1746 1179 1794 taberna
1227 1764 1315 1794 sua
1349 1764 1529 1795 manus
1561 1748 1737 1796 allatas

312 1846 409 1879 esse
458 1829 605 1878 dicat.
699 1829 814 1892 Quo
862 1826 923 1875 de
968 1827 1174 1877 homine
1219 1828 1351 1876 nihil
1396 1828 1548 1877 etiam
1597 1844 1788 1876 nunczo

421 1972 459 2000 2.
490 1957 582 1996 satis
613 1964 773 1995 cautum
917 1955 957 2007 4.
986 1956 1121 1996 deberi
1277 1956 1316 1998 5.
1349 1957 1472 1997 Coelii
1619 1970 1657 2009 7.
1685 1955 1735 1995 de

423 2010 641 2051 sectoribus
792 2026 832 2065 9.
863 2011 996 2050 Coelio
1155 2025 1216 2053 ¹2.
1258 2025 1372 2050 servo
1532 2009 1591 2061 14.
1618 2010 1735 2050 nobis

420 2068 559 2106 iisdem
727 2080 787 2120 ¹7·
818 2067 1045 2120 hospitum,
1074 2067 1125 2109 A.
1153 2067 1339 2105 Binnium

405 2192 437 2216 α.
475 2181 577 2229 CCC]
607 2183 703 2217 XXX
726 2193 751 2229 p
806 2181 856 2224 ei]
885 2181 935 2213 eis
959 2191 1020 2228 qa
1075 2183 1220 2213 cautum
1245 2180 1329 2212 satis
1354 2180 1426 2214 AB
1480 2180 1566 2214 satis
1591 2184 1734 2213 cautum

313 2229 382 2264 Ro
521 2232 556 2273 4.
581 2229 713 2262 debere
738 2230 768 2262 A
783 2228 847 2283 Bq
862 2239 884 2260 ιι
899 2235 948 2259 as.
963 2226 1108 2272 ικλμν
1122 2237 1140 2259 ο
1235 2226 1366 2259 debere
1391 2238 1427 2259 se
1453 2227 1471 2265 ξ
1563 2225 1686 2259 deberi
1704 2227 1735 2261 R

311 2275 411 2320 vulg.
543 2274 577 2311 5.
603 2275 666 2308 Cei
693 2276 762 2309 AB
817 2275 879 2311 cn.
911 2285 937 2306 s.
988 2274 1055 2306 Gn.
1083 2271 1524 2319 Βαβγδεζηθικλμς
1593 2272 1684 2306 celii
1713 2284 1736 2306 ν

314 2321 429 2354 Caelii
454 2321 594 2355 Manat.
629 2323 679 2355 λν
706 2333 803 2368 seqq.
944 2330 974 2365 7.
1000 2329 1019 2350 a
1044 2320 1143 2358 AB&
1217 2319 1260 2351 de
1283 2320 1314 2354 R
1339 2321 1440 2364 vulg,
1533 2319 1649 2363 primo
1676 2330 1735 2366 qa

312 2381 345 2413 9.
374 2367 460 2400 Ceio
494 2368 664 2402 ABhix
743 2367 828 2400 ueto
855 2378 914 2412 pr
1000 2365 1063 2399 Cn.
1090 2366 1213 2399 caelio
1237 2377 1295 2411 κμ
1371 2365 1474 2399 Celio
1507 2377 1533 2396 s.
1561 2365 1681 2400 Caelio
1707 2377 1734 2398 s.

313 2414 441 2449 Coelio
465 2414 496 2449 R
515 2415 616 2460 vulg.
761 2425 811 2446 11.
842 2423 907 2456 per
930 2412 1060 2445 multos
1086 2411 1134 2452 δζ
1278 2424 1329 2446 12.
1362 2412 1469 2444 servis
1494 2413 1565 2445 AB
1635 2422 1734 2445 servo

313 2461 388 2496 Ro
485 2461 536 2496 13.
556 2461 689 2494 furtum
714 2459 784 2493 AB
911 2460 960 2501 14,
986 2458 1086 2491 vobis
1120 2457 1736 2504 ABbcdsghiklmnopr-stuv

315 2506 421 2540 nobis
444 2507 515 2541 Ro
655 2518 704 2551 17.
731 2504 908 2548 hospitem
932 2506 1001 2538 AB
1024 2503 1098 2538 cod.
1126 2507 1161 2539 S.
1189 2505 1278 2538 Vict.
1306 2504 1365 2537 Fr.
1396 2517 1420 2537 ι.
1469 2502 1650 2548 hospitum
1669 2505 1737 2538 Ro

314 2553 519 2586 Ambivium
543 2553 572 2586 B
649 2555 687 2586 A.
717 2553 853 2585 Bivium
879 2553 1161 2605 Anloprstuv
1236 2552 1275 2584 A.
1304 2551 1456 2604 Brivium
1482 2550 1733 2605 bflesghikl

315 2599 435 2692 ἓξὲξ
526 2597 1209 2690 Αεεέὲῖἷὲἶῗἕγεηέώωὲξξῷἔεζᾪ
1245 2609 1270 2631 ’“
1349 2598 1579 2689 ’ἴεῗίἓῖἐῖἰῗ
1606 2598 1735 2676 iffi:

316 2694 357 2727 in
381 2700 430 2725 αε
453 2689 545 2726 haec
568 2692 694 2727 addiza
719 2692 889 2738 leguntur
912 2703 923 2722 .-
951 2696 1117 2735 questum
1141 2700 1217 2724 esse
1243 2688 1368 2723 dixisti
1495 2702 1546 2735 ¹9·
1570 2691 1686 2724 illatas
1713 2701 1735 2735 q
