1846 3178
1525 164 1592 198 vn

146 278 329 324 notitiam
346 277 567 329 habemus,
598 277 639 319 in
665 277 744 319 alia
770 277 904 319 omnia
937 277 1060 318 abire.
1120 276 1186 317 Sic
1208 277 1314 316 enim
1343 277 1429 317 iure
1457 291 1594 318 cense-

145 379 254 418 mus,
281 356 380 407 alios
398 372 552 407 exstare
566 372 636 406 aut
653 363 750 406 olim
770 365 963 405 exstitisse
992 363 1167 404 melioris
1183 363 1422 403 recensionis
1451 362 1589 414 libros,

145 454 217 510 qui
243 461 402 505 tamen,
442 461 658 510 postquam
688 455 813 495 altera
830 485 842 507 ‚
886 456 1001 494 cuius
1029 453 1146 509 longe
1176 453 1292 508 plura
1322 451 1499 507 exempla
1529 454 1595 492 in-

145 541 390 592 veniuntur,
434 540 558 583 semel
584 542 627 582 in
667 542 952 581 vetustissimas
981 541 1175 582 editiones
1209 541 1385 589 abierat,
1434 541 1591 580 nonnisi

145 643 248 685 vaga
273 629 556 672 observatione
581 631 897 686 inspiciebantur
910 661 921 679 ‚
969 638 1009 670 et
1035 638 1204 685 urgente
1230 627 1463 670 necessitate
1478 659 1490 681 ‚
1525 629 1596 670 ubi

144 715 287 757 ceteris
317 715 506 758 subsidiis
539 715 712 756 editores
753 715 931 755 destituti
954 722 1068 756 erant
1081 746 1092 764 ‚
1139 717 1181 754 in
1232 714 1423 755 auxilium
1463 730 1589 757 voca-

149 802 317 844 bantur.
373 804 512 856 Quum
548 804 672 857 igitur
714 803 855 856 iniquo
893 816 988 842 casu
1018 802 1168 842 factum
1211 803 1286 851 sit,
1338 810 1381 841 ut
1419 803 1596 844 deterior

144 890 336 932 orationis
361 891 518 945 forma,
556 903 739 944 quaeque
764 890 1018 943 saepissime,
1060 889 1129 928 ubi
1159 891 1423 943 praestantior
1452 891 1501 930 ad
1533 892 1596 931 in-

143 985 367 1033 terpretum
407 979 676 1034 cognitionem
717 986 980 1032 pervenerat,
1027 978 1079 1018 ab
1119 978 1212 1033 ipsis
1250 979 1386 1019 relicta
1426 987 1484 1020 est
1501 1011 1511 1029 ‚
1553 981 1595 1020 in

143 1065 390 1108 editionibus
419 1067 575 1118 ffnostris
626 1067 881 1122 praevaleat:
926 1075 1236 1108 consentaneum
1266 1046 1360 1107 'esse
1406 1067 1567 1108 videtur
1581 1098 1594 1121 ,

147 1155 358 1196 meliorem
396 1156 594 1209 formam,
635 1155 763 1195 sicubi
790 1156 988 1210 integram
1026 1170 1112 1195 cam
1139 1169 1377 1209 cognoscere
1408 1155 1594 1210 licuerit,

142 1243 370 1284 restituere.
446 1242 564 1294 Quae
601 1243 707 1284 ratio
750 1259 832 1299 quo
873 1243 1030 1283 facilius
1067 1243 1339 1298 intelligatur,
1392 1244 1431 1282 in
1462 1259 1592 1285 unum

146 1328 282 1370 locum
308 1328 544 1385 collegimus
570 1337 727 1384 partem
754 1330 937 1371 locorum
953 1360 965 1382 ,
1011 1330 1159 1385 quibus
1197 1329 1360 1386 vulgata
1398 1332 1595 1386 scriptura

143 1417 228 1460 sola
258 1418 550 1475 praestantium
574 1417 771 1460 librorum
800 1420 1040 1459 auctoritate
1065 1419 1225 1458 nititur.

442 1507 584 1548 Lectio
614 1505 791 1561 vulgata.
1069 1508 1207 1546 Lectio
1252 1507 1435 1546 omnium
1483 1507 1593 1547 codi-

1063 1607 1156 1633 cum
1177 1600 1335 1648 praeter
1355 1608 1593 1648 paucosme-

1188 1681 1303 1721 lioris
1329 1687 1462 1721 notae.

143 1770 192 1812 P.
220 1740 283 1826 ἦ,
320 1784 383 1827 ¹7·
412 1770 456 1810 ἰη
474 1768 581 1822 fhro
602 1768 751 1825 palam
779 1767 912 1808 multis
939 1781 1003 1807 au-
1058 1768 1102 1808 ἱη
1112 1768 1217 1821 fhro
1244 1769 1390 1824 palam
1426 1768 1593 1830 quellen-

415 1857 609 1898 dcentibm
1063 1857 1166 1896 tibus

146 1960 168 1983 ιι
199 1944 268 1998 34,
326 1961 364 2001 7.
393 1946 702 1985 circumventum
741 1958 820 1984 esse
847 1943 952 1983 dicet
1058 1938 1251 1985 circumv.
1282 1944 1379 1986 dicit
1405 1961 1485 1987 esse

145 2049 166 2072 ι
195 2032 267 2087 4ο,
323 2033 366 2075 8.
393 2033 557 2075 Verba:
598 2034 692 2075 Nisa·
715 2034 834 2086 jor-ee
870 2057 915 2065 —
946 2056 1000 2066 -—-

416 2120 585 2174 debent,
615 2135 638 2162 e
664 2120 890 2162 novissimis
923 2121 1041 2162 editi-

415 2208 563 2249 onibus
586 2208 678 2264 post
688 2209 908 2248 Gruterum
930 2209 1004 2247 im-

423 2298 568 2339 merito
598 2298 723 2338 eiecta
741 2327 752 2346 ‚
784 2297 942 2337 nonnisi
971 2297 1014 2336 in

417 2387 555 2442 paucis
600 2385 761 2441 optimis
800 2384 917 2425 codd.
949 2384 1008 2425 le-

419 2481 586 2530 guntur.

147 2579 167 2601 n
200 2564 268 2618 44,
326 2564 367 2606 5.
396 2566 558 2619 inquam
1069 2577 1260 2618 umquam

149 2664 168 2686 1
202 2671 271 2703 —‚
307 2663 370 2691 12.
401 2663 496 2690 nam
523 2651 597 2691 etsi
1067 2663 1160 2690 nam
1189 2651 1225 2689 si
