1846 3178
281 202 297 231 1
309 201 335 231 2
877 180 1088 221 ORATIO

203 308 235 354 6
398 304 442 353 O
469 303 692 353 mulieris
713 303 867 352 scelus
891 303 1223 373 incredibile,¹
1251 315 1301 355 et
1337 315 1534 374 praeter
1555 302 1701 359 hanc»

191 369 237 409 ¹5
270 402 427 434 unam
482 385 538 432 in
598 385 736 433 omni
798 385 899 434 vita
958 386 1270 436 inauditum!
1345 404 1374 435 o
1422 385 1690 435 libidinem
1740 384 1794 429 ᾖ*

269 464 562 517 effrenatam
611 479 661 515 et
709 465 1028 516 indomitam!
1086 486 1115 517 o
1159 467 1419 518 audaciam
1471 467 1690 535 singula·
1727 511 1742 518 ,,

268 551 397 597 rem!
464 550 643 597 Nonne
672 547 904 604 timuisti,
936 548 976 597 si
1016 549 1184 597 minus
1218 549 1322 599 vim
1360 549 1571 599 deorum
1599 547 1692 596 ho-

265 630 566 696 minumque
598 629 815 688 faniam,
866 642 918 679 at
952 630 1094 678 illam
1126 630 1285 698 ipsam
1316 619 1743 680 noctem'faces-5r

222 770 223 774 Ἰ
268 727 367 776 que
392 711 501 759 illas
521 711 800 779 nuptiales?
831 729 933 760 non
958 711 1115 758 limen
1137 710 1389 760 cubiculi?
1425 732 1530 763 non
1555 713 1707 763 cubi-·

267 793 314 840 le
348 792 511 840 filiae?
543 811 648 842 non
681 793 893 861 parietes
925 791 1144 859 (lenique
1179 793 1332 861 ipsos,
1377 794 1696 867 superiofum

269 885 409 922 testes
457 875 786 942 nuptiarum?
830 874 1075 942 Per-fregit
1124 893 1181 923 ac
1228 874 1494 943 prostravit
1525 876 1696 925 omnia

271 954 547 1023 cupiditate
579 974 636 1004 ac
665 955 864 1004 furore.-
896 955 1017 1004 vicit
1049 955 1297 1023 pudorem
1329 955 1490 1004 libido
1505 946 1540 1014 ,”
1553 955 1699 1010 timor
1750 1006 1755 1013 ξ

196 1048 244 1089 16
276 1053 382 1085 rem
415 1035 644 1096 audacia,
679 1037 925 1086 rationem
958 1037 1188 1086 amentia.
1253 1036 1395 1084 Tulit
1427 1037 1524 1108 hpc
1556 1054 1752 1088 com-,xo

271 1133 426 1166 mune
459 1117 670 1167 dedecus
697 1118 941 1176 familiae,
977 1117 1304 1185 cognationis,
1340 1117 1561 1166 nominis
1590 1135 1700 1185 gra-

268 1199 397 1247 viter
431 1199 594 1247 filius:
627 1200 904 1265 augebatur
937 1211 1107 1248 autem
1139 1199 1245 1247 eius
1276 1197 1500 1247 molestia
1524 1197 1700 1264 ‘quoti-

270 1280 432 1328 dianis
464 1280 793 1346 querimoniis
826 1293 876 1328 et
906 1279 1101 1328 assiduo
1132 1279 1258 1328 fletu
1286 1279 1492 1328 sororis:
1522 1279 1700 1327 statuit

270 1374 439 1416 tamen
473 1360 606 1408 nihil
638 1360 732 1408 sibi
769 1359 824 1408 in
859 1361 1010 1409 tantis
1044 1360 1246 1408 iniuriis
1272 1377 1329 1407 ac
1355 1371 1494 1408 tanto
1517 1360 1699 1408 scelere

269 1442 442 1490 matris
486 1441 682 1507 gravius
727 1458 824 1490 esse
867 1440 1178 1499 faciendum,
1225 1458 1381 1509 quam
1422 1452 1482 1488 ut
1515 1441 1604 1488 illa
1635 1450 1753 1511 nei5

268 1534 527 1573 uteretur:
560 1541 680 1570 nam
713 1539 843 1588 quae
874 1521 1042 1570 videre
1074 1521 1180 1570 sine
1213 1539 1406 1569 summo
1434 1519 1592 1569 animi
1617 1519 1704 1569 do-

269 1604 376 1652 lore
413 1621 518 1651 non
558 1615 786 1670 poterat,
819 1620 899 1662 ea,
934 1603 973 1651 si
1011 1614 1169 1650 matre
1201 1593 1455 1659 uteretur,
1489 1620 1594 1649 non
1629 1619 1704 1649 so-

271 1685 379 1733 lum
423 1683 611 1742 videre,
668 1679 843 1732 verum
887 1683 1038 1732 etiam
1090 1682 1304 1751 probare
1363 1699 1452 1730 suo
1511 1681 1702 1731 iudicio

273 1776 554 1833 putaretur.

384 1906 424 1957 4.
458 1920 538 1944 non
566 1906 741 1943 timuisse
858 1903 920 1944 15.
943 1918 1019 1942 om.
1048 1917 1132 1942 esse
1218 1903 1286 1942 illa
1317 1910 1444 1943 matre
1473 1915 1524 1940 ne
1591 1951 1594 1954 Α
1643 1901 1705 1941 16.

383 1975 434 2000 ne
462 1975 581 2014 quam
611 1960 746 1999 videre
861 1959 919 2000 18.
950 1957 1018 1997 sed
1048 1960 1165 1997 etiam
1620 1946 1658 1983 “⁴-

278 2078 445 2112 omnibus
487 2077 646 2109 omnium
669 2073 895 2122 dprstnvl.
986 2073 1193 2107 hominibus
1231 2075 1390 2108 omnium
1418 2084 1442 2105 n
1534 2064 1702 2106 omnibus

279 2125 436 2159 ominum
452 2136 471 2157 ο
518 2147 521 2150 -
565 2122 728 2156 omnibus
754 2121 945 2154 omniumz
1041 2121 1248 2154 criminibus
1269 2115 1428 2154 ninnium
1443 2119 1522 2165 bcq
1614 2120 1706 2152 omi-

279 2172 388 2205 nibus
421 2171 565 2211 δεζηπ
658 2167 822 2201 omnibus
861 2170 926 2210 αβ
1019 2167 1184 2199 omnibus
1221 2166 1425 2200 hominibus
1468 2164 1654 2198 hominum
1691 2166 1707 2198 i

280 2217 447 2251 omnibus
472 2217 631 2250 omnium
659 2214 839 2247 ominibus
868 2225 892 2257 γ
964 2213 1149 2254 ominibus
1168 2214 1326 2247 omnium
1353 2210 1554 2254 omnibusp
1678 2223 1705 2245 ι.

280 2264 457 2297 muliebre
484 2275 507 2297 a
583 2261 674 2295 hauc
697 2272 838 2293 causam
875 2270 982 2292 unam
1015 2260 1080 2292 AB
1171 2260 1202 2304 4.
1247 2269 1366 2292 nonne
1390 2255 1706 2303 ABdefghilm

283 2323 306 2344 n
328 2322 347 2343 ο
366 2322 386 2343 r
402 2322 418 2342 s
440 2317 454 2342 t
472 2322 494 2342 u
516 2320 539 2349 ς
656 2317 728 2340 ιιοη
761 2317 815 2338 me
847 2312 871 2352 p
983 2316 1054 2339 non
1092 2318 1114 2338 α
1130 2306 1150 2338 b
1171 2316 1190 2338 c
1210 2318 1232 2351 q
1255 2307 1284 2338 Ο
1395 2303 1546 2337 timuisti
1578 2302 1708 2348 ABfg

282 2357 351 2389 hil
367 2367 460 2388 mno
553 2354 755 2387 timuisseR
772 2354 800 2385 O
935 2354 967 2386 6.
994 2350 1080 2397 non]
1109 2363 1230 2385 nonne
1252 2363 1277 2384 η
1367 2348 1538 2396 cubiculi]
1577 2349 1707 2382 cubilis

280 2402 378 2450 Bas
502 2414 534 2446 9.
571 2399 624 2446 ac]
661 2407 696 2434 et
736 2397 1203 2444 adesghiklpstuvas
1276 2395 1455 2442 timorem]
1493 2405 1648 2442 amorem
1684 2407 1708 2427 α

287 2461 336 2483 10.
363 2449 442 2482 Non
478 2449 563 2481 tulit
587 2447 813 2492 aiprstuw
838 2443 913 2477 cod.
937 2443 1063 2477 Dresd.
1089 2444 1218 2478 Franc.
1251 2456 1277 2480 ι,
1302 2454 1325 2474 α
1383 2453 1465 2474 nam
1498 2435 1587 2486 unit
1620 2441 1639 2474 b
1655 2452 1708 2487 cq

286 2507 336 2528 11.
390 2495 544 2528 dedecus
581 2501 767 2527 commune
804 2493 884 2533 αβε
965 2489 1118 2523 dedecus
1142 2489 1299 2523 familiae
1327 2488 1405 2522 ΑΒ
1425 2488 1447 2520 h
1465 2499 1490 2520 η
1507 2499 1528 2521 ο
1545 2499 1570 2521 ν
1591 2499 1610 2528 η
1631 2496 1659 2520 π
1685 2495 1709 2519 σ

283 2542 343 2577 Fr.
413 2540 566 2575 dedecus
604 2540 674 2571 iam
704 2537 784 2570 fam.
809 2538 838 2572 R
863 2537 939 2569 rell.
970 2534 1047 2570 edd.
1199 2548 1250 2572 12.
1291 2535 1525 2577 angebaturi
1582 2533 1708 2566 mode-

285 2584 352 2621 sti‘a
373 2588 426 2620 Bi
523 2588 572 2620 15.
600 2596 675 2618 esse
701 2583 905 2617 faciendum
930 2582 1027 2615 ABb
1050 2585 1185 2628 (corr.)
1211 2584 1229 2621 ξ
1276 2580 1559 2615 faciendumRO
1601 2591 1710 2625 prae-

284 2642 341 2666 ter
365 2634 382 2671 ξ
441 2637 480 2665 ut
501 2645 563 2666 om.
590 2643 613 2664 α
659 2631 721 2663 illa
745 2640 790 2664 ne
815 2629 879 2662 AB
939 2629 999 2660 illa
1026 2634 1134 2661 matre
1157 2640 1201 2662 ne
1218 2629 1288 2662 Ro
1396 2629 1445 2662 16.
1481 2637 1561 2660 uam
1601 2637 1691 2670 quae

284 2689 438 2724 namque
463 2681 532 2712 AB
578 2689 623 2711 ne
650 2688 740 2724 quae
766 2688 808 2709 ex
840 2675 1035 2708 Garatonii
1064 2676 1271 2708 coniectura
1297 2682 1345 2707 στ
1437 2684 1482 2705 ne
1510 2682 1616 2719 quam
1640 2673 1669 2706 R

285 2733 429 2771 praeter
449 2733 500 2758 στ
603 2736 651 2767 ¹7·
676 2735 721 2756 nc
754 2733 794 2756 ea
814 2722 843 2755 Β
890 2720 933 2766 si]
960 2721 1042 2753 sine
1062 2732 1086 2752 a
1205 2723 1254 2756 18.
1282 2731 1405 2757 verum
1432 2719 1503 2754 AB
1558 2718 1622 2753 sed
1642 2718 1711 2754 ΒΟ

288 2774 371 2812 (om.
397 2772 447 2813 I.)
531 2783 580 2816 ¹9·
605 2768 806 2816 putaretur]
844 2767 1025 2803 videretur
1047 2766 1183 2801 drszu

730 2846 754 2894 xx
