1846 3178
340 179 435 232 156
891 183 1214 223 AnNoTA'rlo

456 300 518 341 16.
547 311 585 341 et
609 302 673 341 M.
702 303 809 342 illius
827 305 946 342 Aut-ii
959 307 1297 361 perpropinquus:
1330 304 1384 345 sic
1405 305 1551 359 optime
1571 303 1767 353 dederunt

337 371 463 415 Taur.
482 373 767 427 Palimpsestus
787 381 826 412 et
841 375 1012 427 optimus
1023 375 1298 417 Florentinus:
1329 391 1422 417 nam
1449 390 1587 417 omnes
1604 373 1767 430 quidem

338 442 460 483 Aurii
492 444 705 497 propinqui
737 452 850 483 erant
877 443 982 484 iliius
1012 446 1072 484 M.
1104 446 1248 485 Aurii=
1291 447 1361 487 sed
1401 447 1528 487 Aulus
1554 449 1628 486 iste
1674 458 1766 502 pm-

284 555 287 558 ‚
335 520 426 567 pter
458 516 604 554 arctius
632 516 936 568 propinquitatis
964 515 1169 556 vinculum
1197 519 1420 570 graviorem
1447 531 1606 557 causam
1642 516 1767 562 habe-

334 582 406 623 bat
427 614 437 632 ‚
478 598 550 623 cur
592 585 761 623 maxime
801 593 1132 625 commoveretur.
1190 587 1290 626 Erat
1317 593 1475 637 autem,
1508 589 1584 627 nisi
1612 588 1767 641 egregie

338 655 484 706 fallor,
512 655 576 695 hic
607 655 659 696 A.
687 656 862 708 Aurius,
890 658 959 711 qui
984 658 1142 697 fortiter
1171 659 1392 714 Oppianico
1430 659 1599 706 resistit,
1620 657 1768 709 ‚nullus

336 725 436 766 alius
471 741 593 779 quam
633 726 805 768 Melinus
843 728 935 779 ille,
986 731 1056 783 qui
1087 744 1123 772 c.
1153 729 1193 769 5.
1262 728 1490 768 Cluentiam
1528 730 1702 783 primum
1725 736 1766 768 et

334 802 421 835 tum
469 797 644 837 divortio
671 797 775 837 facto
805 813 897 837 cum
926 813 972 838 ea
992 829 1004 850 ‚
1031 799 1204 839 Sassiam
1232 805 1400 838 matrem
1427 798 1512 838 eius
1543 799 1585 838 in
1626 799 1766 845 matri-

335 869 518 908 monium
545 870 726 910 duxerat.
773 872 910 922 Quum
944 871 1050 911 enim
1088 868 1128 911 c.
1165 886 1206 926 9.
1234 873 1293 910 in.
1327 871 1577 924 Oppianicus
1620 869 1766 911 diserte

334 939 449 979 illum
476 940 630 980 Sassiae
654 942 786 981 virum
813 941 1002 981 occidisse
1029 941 1213 990 dicatur,
1243 948 1328 981 erat
1363 941 1472 980 haud
1513 939 1635 979 dubie
1666 953 1768 979 unus

333 1023 382 1050 ex
410 1010 578 1062 Auriis,
626 1025 800 1065 quorum
837 1011 976 1051 caedes
1004 1012 1047 1051 h.
1080 1011 1109 1050 l.
1137 1019 1339 1051 narratur.
1373 1011 1500 1064 Atqui
1531 1011 1638 1051 alcea·
1677 1009 1764 1054 Au-

335 1082 441 1131 rius,
473 1089 584 1135 pater
615 1082 658 1125 C.
687 1083 802 1122 Aurii
819 1113 829 1131 ‚
861 1084 930 1136 qui
962 1097 1052 1122 mox
1090 1090 1366 1137 memoratur„
1397 1096 1479 1121 non
1519 1082 1650 1135 potuit
1689 1081 1767 1120 dici

331 1152 553 1191 adolescens
599 1153 782 1207 inprimis
818 1155 994 1193 honestus
1030 1163 1068 1193 et
1105 1155 1247 1193 nobilis
1262 1183 1274 1204 ,
1319 1167 1445 1207 quum
1483 1154 1566 1206 ipse
1601 1152 1768 1193 haberet

331 1222 459 1262 fllium
498 1222 733 1272 robustum3
782 1223 864 1261 eius
905 1222 1010 1262 filius
1055 1231 1188 1262 autem
1227 1224 1272 1263 C.
1302 1225 1556 1273 nominatur,
1597 1223 1769 1263 Melinus

329 1292 397 1331 ille
424 1292 478 1334 A.
509 1293 645 1332 Restat
673 1294 792 1347 igitur
832 1294 974 1332 unicus
1010 1302 1144 1333 noster
1181 1293 1234 1334 A.
1273 1293 1435 1344 Aurius,
1468 1294 1536 1332 vit·
1554 1294 1687 1344 jbrtis
1731 1303 1770 1333 cc

329 1362 565 1416 expet-iem,
594 1365 686 1417 qui,
717 1364 900 1417 quamvis
927 1363 1046 1403 fuerit
1084 1362 1311 1402 adolescens
1341 1362 1385 1400 h.
1421 1376 1458 1401 e.
1488 1363 1650 1417 triginta
1684 1365 1769 1405 sere
1836 1375 1837 1378 ’

329 1440 399 1473 aut
425 1434 686 1488 quadraginta
715 1448 929 1486 annorum,
945 1434 1152 1474 commode
1180 1435 1235 1473 sic
1263 1432 1457 1486 designari
1485 1436 1625 1487 potuit,
1663 1434 1769 1474 Nam

329 1505 430 1545 illud
460 1520 543 1544 non
569 1505 700 1555 video,
715 1519 794 1559 quo
824 1506 909 1544 iure
936 1508 1157 1559 suspicetur
1185 1505 1344 1559 Sylvius
1377 1505 1551 1543 Aurium
1574 1502 1771 1544 Melinum

329 1576 408 1616 alia
451 1577 587 1616 nescio
640 1591 720 1630 qua
759 1579 963 1617 occasione
1001 1577 1054 1615 ab
1101 1577 1326 1630 Oppianico
1364 1577 1618 1617 interfectum
1667 1590 1765 1624 esse,

329 1648 494 1702 eiusque
537 1648 700 1688 caedem
738 1651 779 1688 in
823 1657 1053 1689 transcursu
1100 1649 1317 1700 nominari,
1356 1655 1402 1688 ut
1429 1655 1570 1703 putent
1598 1647 1764 1696 iudices,

329 1720 458 1759 multa
491 1719 598 1760 illius
627 1722 794 1760 crimina
822 1736 845 1760 a
872 1722 1063 1761 Cicerone
1091 1722 1365 1775 praetermitti.

443 1804 504 1844 ¹7·
531 1791 661 1829 multis
689 1790 948 1845 audientibus]
1006 1791 1092 1830 Non
1121 1791 1262 1830 inutile
1288 1791 1461 1842 videtur,
1495 1789 1545 1830 ad
1583 1789 1767 1830 naturam

329 1861 530 1913 codicum,
561 1863 708 1915 quibus
737 1878 881 1917 magna
909 1865 950 1902 in
978 1863 1125 1917 vulgus
1153 1863 1248 1902 fides
1275 1863 1460 1910 habetur,
1505 1871 1610 1903 recte
1649 1865 1767 1903 aesti-

328 1933 535 1984 mandam,
567 1947 744 1981 monere,
774 1935 878 1972 inter
906 1934 1050 1981 omnis,
1078 1933 1128 1972 de
1155 1932 1300 1986 quibus
1332 1940 1485 1972 certum
1516 1931 1666 1986 aliquid
1694 1933 1766 1972 ad·

329 2010 496 2043 notatur
524 2004 566 2043 h.
595 2002 624 2042 l.
658 2003 900 2043 vocabulum
929 2005 1072 2053 multis,
1103 2004 1154 2043 de
1181 2018 1261 2058 quo
1279 2018 1397 2043 nemo
1416 2004 1602 2044 dubitare
1620 2012 1763 2058 potest,

329 2074 488 2112 nonnisi
546 2075 588 2113 in
632 2074 788 2114 duobus
839 2075 999 2128 optimis
1042 2075 1187 2114 nostris
1225 2081 1264 2113 et
1311 2075 1351 2113 in
1395 2074 1474 2128 pal.
1525 2075 1765 2116 Taurinensi

330 2159 532 2198 apparere.
1603 2198 1605 2200 Ι

445 2230 518 2270 19,
563 2217 604 2256 3.
647 2218 887 2269 tenebantur]
959 2217 1046 2257 Hoc
1084 2218 1202 2256 unice
1241 2230 1381 2257 verum
1409 2224 1495 2266 est,
1535 2230 1614 2255 non
1645 2215 1762 2266 illud,

328 2285 438 2339 quod
483 2286 604 2340 vulgo
642 2286 787 2340 legitur
804 2318 813 2335 ‚
863 2289 1141 2327 terrebantur:
1191 2301 1285 2326 nam
1314 2301 1394 2326 non
1434 2286 1561 2326 solum
1590 2287 1766 2326 tert-endi

331 2363 445 2396 erant
471 2358 604 2406 ceteri,
631 2358 699 2396 sed
726 2359 783 2409 id,
813 2359 923 2411 quod
948 2360 1118 2398 maxime
1145 2359 1391 2412 Oppianicus
1418 2358 1571 2411 agebat,
1608 2358 1765 2397 tenendi

331 2426 372 2468 h.
402 2441 438 2466 e.
473 2427 629 2466 silentio
659 2428 879 2481 premendi,
909 2443 960 2467 ne
988 2430 1078 2482 quis
1109 2443 1200 2467 eum
1228 2428 1423 2467 interfecti
1451 2429 1508 2466 M.
1551 2427 1666 2466 Aurii
1697 2442 1763 2466 ac-

329 2513 469 2538 cusare
513 2499 692 2538 auderet.
764 2501 878 2550 Quae
919 2502 1022 2538 ratio
1051 2507 1095 2538 ut
1130 2499 1247 2553 plane
1271 2501 1531 2553 perspiciatur
1552 2529 1563 2548 ‚
1616 2501 1760 2554 itaque,

330 2570 439 2621 quod
482 2571 596 2610 initio
634 2570 754 2609 huius
794 2572 1011 2611 sententiae
1039 2572 1208 2625 positum
1238 2578 1322 2621 est,
1351 2585 1432 2609 non
1462 2584 1534 2623 pro
1569 2570 1764 2624 particula

330 2640 559 2680 conclusiva
618 2639 849 2680 habendum
902 2648 960 2681 est
983 2671 996 2694 ,
1041 2642 1110 2681 sed
1155 2655 1227 2696 pro
1272 2642 1490 2694 composita
1543 2654 1589 2681 ex
1647 2649 1764 2695 atque

329 2720 407 2750 lla.
