1846 3178
298 145 388 207 198
839 141 1166 185 ADNOTATIO

291 258 478 298 Ceterum
504 260 577 300 hac
597 261 679 315 lege
706 261 822 302 valde
846 263 1094 303 incommode
1111 263 1261 303 dictum
1290 263 1405 315 foret,
1419 263 1490 303 ubi
1509 264 1716 305 nulladum

290 337 397 370 certa
424 329 484 370 lex
508 342 813 373 commemorata
841 339 939 372 erat.

405 415 474 441 102
490 432 502 451 ,
540 403 602 442 13.
630 417 751 457 neque
779 416 840 441 me
855 403 941 442 -illa
968 405 1098 442 oratio
1126 405 1395 460 commoveret]
1460 407 1715 460 Quamquam

291 471 335 513 h.
365 471 394 512 l.
427 476 560 526 magni
586 475 690 524 viri,
719 474 893 513 Ernestii
910 503 922 525 ,
951 474 1141 514 iudicium
1169 490 1260 515 cum
1294 476 1533 530 palimpsesti
1561 477 1710 517 Tauri·

287 547 418 584 nensis
445 546 678 584 auctoritate
705 547 940 597 consentiat,
970 553 1102 586 tamen
1131 561 1211 586 non
1239 561 1416 595 moveor,
1463 561 1544 601 quo
1581 548 1713 588 minus

288 616 524 669 scripturam
551 615 602 653 ab
630 622 802 669 utroque
830 617 1145 656 commendatam
1184 627 1403 658 commovet
1440 632 1558 658 verae
1592 617 1715 658 huius

286 683 362 726 loci
394 685 538 723 rationi
566 699 788 739 repugnare
814 700 1007 726 censeam.
1065 687 1144 726 Sed
1172 702 1267 727 vera
1293 690 1396 728 ratio
1424 703 1568 743 magno
1596 702 1714 743 opere

286 767 333 792 eo
373 753 583 794 obscmata
629 764 726 807 ciat,
759 757 866 810 quod
893 758 1020 810 capite
1045 771 1151 797 novo
1192 772 1297 798 nova
1326 758 1443 812 plane
1479 765 1519 798 et
1549 773 1573 799 a
1599 755 1720 814 supe-4

284 822 458 864 rioribus
483 825 678 865 disiuncta
708 829 900 867 sententia
940 829 1112 882 incipere
1148 829 1383 869 videbatur·
1414 829 1522 884 quod
1553 830 1715 870 minime

284 908 424 934 verum
451 903 522 935 est.
581 896 844 938 Continuatur
882 901 987 938 enim
1015 901 1099 939 sine
1126 899 1211 940 ulla
1239 914 1374 940 sensus
1401 900 1716 956 interpellatione

284 967 496 1020 superioris
513 969 650 1020 capitis
678 970 818 1017 oratio,
839 970 909 1009 ubi
937 971 1161 1011 ostenderat
1188 971 1339 1023 Cicero,
1370 986 1410 1012 se
1438 972 1542 1012 hanc
1572 971 1717 1026 agendi

282 1038 388 1077 viam
411 1037 595 1078 Cluentio
625 1041 697 1092 ipsi
725 1041 1028 1094 morigerantem
1057 1043 1218 1082 iniisse:
1259 1044 1294 1082 si
1319 1043 1421 1082 nihil
1446 1043 1563 1082 aliud
1584 1051 1712 1082 actum

265 1108 439 1158 ficisset,
470 1109 621 1161 inquit,
663 1110 742 1148 nisi
765 1120 806 1150 uc
835 1112 935 1150 hanc
963 1126 1119 1151 causam
1145 1113 1402 1152 obtineremus
1421 1143 1433 1162 ‚
1469 1115 1550 1167 lege
1575 1114 1711 1152 recita-

280 1187 362 1217 tata
396 1193 636 1232 perorassem
649 1195 665 1228 ,·
719 1187 758 1219 et
795 1183 983 1221 continuo
1032 1185 1182 1235 pergit:
1229 1198 1350 1239 neque
1392 1198 1454 1223 me
1483 1185 1558 1222 illa
1584 1183 1714 1223 oratio

280 1259 554 1298 commoveret,
594 1251 702 1304 quod
737 1253 796 1291 ait
838 1252 981 1292 Accius
1021 1261 1114 1292 cett.
1161 1253 1248 1292 scil.
1281 1261 1382 1302 tum,
1412 1257 1445 1294 si
1473 1254 1574 1294 nihil
1602 1252 1718 1294 aliud

280 1332 402 1372 quam
431 1319 531 1360 illud
570 1329 765 1374 ageretur.
840 1323 905 1362 Sic
945 1326 1077 1363 omnia
1117 1327 1267 1378 optime
1313 1325 1540 1373 cohaerent,
1583 1338 1714 1378 neque

279 1390 394 1430 aliter
428 1391 507 1430 dici
549 1394 703 1445 potuit:
744 1407 836 1432 nam
864 1409 989 1448 quum
1018 1403 1153 1434 orator
1179 1394 1261 1434 sola
1289 1394 1374 1449 lege
1403 1395 1476 1434 niti
1504 1405 1712 1434 recusave-

279 1463 359 1510 rit,
410 1476 536 1515 quum
579 1465 634 1502 ita
665 1479 832 1505 causam
861 1467 984 1520 egisse
1010 1466 1084 1506 sibi
1114 1467 1310 1518 videatur,
1337 1474 1383 1506 ut
1409 1465 1511 1506 nihil
1538 1466 1715 1506 criminis

280 1535 323 1572 in
352 1533 536 1573 Cluentio
563 1535 747 1576 relictum
775 1551 857 1576 esse
886 1545 1015 1590 speret
1033 1566 1044 1588 ,
1075 1552 1154 1576 non
1185 1539 1239 1577 sic
1269 1545 1407 1577 contra
1436 1536 1604 1577 Accium
1650 1536 1716 1576 di-

280 1606 522 1659 sputandum
550 1614 648 1655 erat,
679 1609 791 1661 quasi
819 1608 971 1648 nullam
997 1609 1115 1648 aliam
1144 1609 1381 1649 defensionis
1418 1609 1613 1647 rationem
1638 1607 1714 1649 htx-¹

278 1675 404 1724 beret,
437 1691 556 1730 quam
585 1677 680 1732 legis
708 1679 922 1718 auxilium:
963 1679 1060 1719 haec
1087 1687 1222 1719 tamen
1249 1679 1508 1720 Ernestianae
1543 1678 1712 1733 scriptu-

279 1759 349 1786 rae
376 1746 478 1786 foret
506 1750 712 1788 sententia.

396 1818 466 1856 103
482 1846 494 1867 ‚
545 1832 606 1857 10.
654 1820 695 1858 in
731 1814 807 1858 ¹isto
838 1819 938 1871 loco]
996 1819 1116 1871 Quod
1155 1820 1351 1860 Gruterus
1389 1821 1618 1861 Victoriam
1645 1835 1708 1861 se-

279 1893 426 1940 quutus
456 1889 565 1936 (Var.
602 1890 727 1930 Lectt.
771 1888 798 1928 l.
821 1889 974 1928 XXIV.
992 1903 1025 1929 c.
1047 1890 1098 1940 2.)
1114 1897 1197 1928 tam
1229 1890 1371 1929 acriter
1397 1897 1536 1930 contra
1568 1903 1711 1930 sanum

279 1956 467 1997 Lambini
495 1959 686 1999 iudicium
714 1959 918 2010 defendit,
948 1962 992 2000 in
1019 1963 1088 2001 Izoc
1115 1971 1225 2002 sexto
1254 1963 1352 2011 loco,
1395 1964 1575 2001 omnium
1627 1961 1710 2000 fere

280 2034 509 2066 nostrorum
562 2029 745 2068 codicum
791 2032 1024 2070 auctoritate
1061 2031 1312 2070 destituitur:
1343 2039 1472 2071 sextus
1509 2031 1710 2071 Praetoris

277 2089 321 2136 in
348 2098 494 2138 iudIcio
528 2099 637 2139 locus
665 2101 766 2140 nihil
794 2103 870 2140 nisi
897 2110 1163 2141 commentum
1194 2110 1252 2142 est
1280 2117 1324 2142 ex
1353 2103 1431 2142 hoc
1457 2105 1543 2156 ipso
1571 2102 1658 2142 loco
1685 2117 1710 2142 a

278 2168 459 2208 Victorio
502 2171 714 2210 confictum
735 2187 746 2211 :
766 2179 818 2211 at
856 2182 980 2224 sexto,
1011 2172 1075 2212 vel
1101 2183 1215 2224 sesto,
1257 2174 1364 2227 quod
1393 2173 1508 2212 codd.
1544 2173 1708 2227 quidam

277 2238 482 2289 exhibent,
521 2254 567 2279 ex
594 2248 782 2294 corrupta
808 2255 906 2281 voce
942 2244 1014 2282 isto
1041 2250 1175 2282 ortum
1213 2250 1271 2284 est
1284 2274 1296 2298 ‚
1326 2251 1372 2284 ut
1400 2244 1502 2286 hene
1535 2246 1708 2286 ostendit

278 2309 539 2350 Garatonius.

394 2380 497 2433 104,
531 2394 571 2421 2.
603 2381 650 2421 C.
697 2381 901 2438 Orchivii]
975 2384 1089 2424 Hanc
1127 2386 1302 2426 nominis
1342 2386 1511 2437 formam
1538 2394 1578 2426 et
1603 2386 1645 2426 h.
1677 2387 1708 2427 1.

277 2458 317 2490 et
363 2466 482 2505 supra
519 2467 559 2507 p.
597 2452 649 2494 65
669 2483 681 2506 ,
709 2467 785 2507 {17-
830 2456 1072 2508 optimorum
1102 2456 1286 2496 codicum
1317 2471 1526 2496 consensus
1552 2464 1704 2509 tuetur,

278 2521 462 2576 idemque
508 2527 811 2565 commemorari
851 2526 1012 2566 videtur
1039 2529 1079 2566 in
1109 2527 1180 2567 lib.
1202 2529 1264 2567 >de
1290 2530 1404 2582 petit.
1441 2543 1547 2568 cons.
1575 2545 1611 2569 c.
1643 2529 1703 2587 5‘2

277 2592 348 2631 ubi
386 2595 506 2633 codex
552 2595 759 2636 Palatinus
790 2609 868 2651 ‘pro
906 2598 1068 2652 vulgato
1099 2599 1142 2642 C.
1177 2599 1370 2640 -Orcinini
1397 2607 1586 2648 nostram⁴
1605 2602 1703 2643 scri-

279 2667 440 2716 pturam
473 2667 515 2712 C,
551 2667 733 2708 Orchivii
758 2670 934 2723 praebet.
