1846 3178
126 0 269 96 m*-

232 111 255 140 4'

187 421 256 446 122

292 208 355 269 84
898 208 1109 250 omi-10

292 328 418 378 riam
453 329 784 398 ignominiam
820 331 1182 400 impedimento
1215 350 1312 384 esse
1356 336 1586 405 oportere
1620 333 1727 386 ‘dut

296 423 489 459 xerunt.
525 413 759 460 Censores
795 412 1015 480 denique
1049 414 1142 482 ipsi
1171 432 1530 484 saepenumero
1577 433 1725 487 supeu

204 493 209 503 ’
239 526 242 533 «
290 491 483 540 riorum
498 495 771 540 Censorum
806 492 1006 542 iudiciis
1037 493 1098 555 (si
1123 496 1212 544 ista
1246 495 1432 546 iudicia
1466 499 1724 567 appellare

182 1567 246 1614 44

288 573 458 634 vultis)
495 593 597 621 non
630 588 892 624 steterunt.
935 568 1125 643 'Atque
1159 579 1321 626 etiam.
1357 579 1450 647 ipsi
1495 581 1630 630 inter
1670 596 1720 630 se

288 656 521 703 Censores
542 673 628 703 sua
652 657 839 705 iudicia
870 658 997 706 tanti
1019 675 1115 706 esse
1142 659 1472 720 arbitrantur,
1506 674 1570 711 ut
1588 665 1744 715 alter5

287 736 493 784 alterius
527 737 775 786 iudicium
811 757 912 786 non
950 738 1099 787 modo
1135 740 1484 809 reprehendat,
1519 742 1603 793 sed
1638 743 1716 795 et-

287 819 387 865 iam
435 817 707 867 rescindat:
753 831 811 866 ut
846 821 974 867 alter
1019 820 1081 868 de
1125 835 1302 870 senatu
1349 823 1718 884 mmm—&eliu

284 902 412 950 alter
445 903 660 951 retineat
693 914 743 954 et,
776 902 955 950 ordine
995 905 1302 971 amplissimo
1347 903 1721 972 dignume'exis-

287 983 450 1033 timet:
486 997 546 1032 ut
577 944 812 1032 alterffis
830 986 1046 1034 aerarios
1080 986 1254 1034 referri
1304 999 1394 1036 aut
1427 987 1530 1036 trib
1586 1003 1589 1006 ·
1619 999 1622 1001 ’
1649 983 1725 1038 04⁴.

281 1068 385 1117 veri
420 1067 616 1125 iubeat,
659 1068 788 1115 alter
819 1081 961 1116 vetet.
1031 1070 1202 1132 Quare
1229 1069 1473 1136 quivobis
1496 1003 1774 1119 imin-ro·

284 1163 383 1198 tem
415 1148 567 1206 venit,
603 1148 726 1195 haec
759 1151 1014 1217 appellare
1047 1150 1254 1204 iudicia,
1287 1167 1417 1217 quae
1449 1169 1478 1199 a
1522 1151 1716 1220 populo

282 1229 519 1287 rescindi,
555 1230 619 1276 ab
653 1229 830 1277 iuratis
863 1230 1118 1279 iudicibus
1158 1231 1442 1300 repudiari,
1487 1250 1516 1281 a
1560 1233 1716 1301 magi-

281 1311 522 1362 stratibus
558 1310 756 1376 negligi,
793 1312 857 1359 ab
902 1312 986 1370 iis,
1028 1313 1119 1379 qui
1165 1312 1376 1363 eandem
1418 1326 1716 1382 potestatem·

281 1393 452 1462 adepti
485 1404 627 1454 sunt,
660 1394 987 1453 commutari,
1024 1394 1158 1446 inter
1192 1395 1402 1462 collegas
1433 1393 1715 1466 discrepare

278 1475 514 1525 videatis?
1387 1509 1389 1511 ·
1435 1490 1453 1506 ³
1708 1483 1826 1535 *¹542*

413 1558 557 1620 Quae
590 1575 751 1623 quum
786 1557 854 1605 ita
890 1557 1011 1616 sint,
1045 1556 1312 1616 videamus,
1348 1557 1476 1626 quid
1511 1557 1716 1609 tandem
1764 1583 1767 1586 ·

178 1650 248 1688 123
281 1642 516 1688 Censores
550 1637 612 1685 de
647 1639 735 1686 illo
771 1638 961 1686 iudicio
997 1653 1239 1707 corrupto
1270 1639 1509 1688 iudicasse
1529 1639 1714 1688 ‹lican-

280 1735 378 1770 tur.
460 1723 530 1768 Ac
565 1721 790 1787 primum
826 1721 954 1769 illud
993 1735 1291 1779 statuamus,
1336 1734 1542 1783 utrum,
1587 1723 1712 1790 quia

278 1805 511 1851 Censores
532 1803 930 1870 subscripserint,
967 1803 1034 1851 ita
1068 1804 1143 1860 sit,
1178 1822 1256 1862 an,
1283 1803 1404 1869 quia
1430 1804 1500 1852 ita
1539 1803 1709 1863 fuerit,

278 1884 353 1931 illi
389 1883 785 1950 subscripserint.
855 1884 903 1931 Si
954 1882 1093 1939 ideo,
1129 1887 1249 1949 quia
1299 1883 1763 1952 subscripserinttw

276 1964 451 2023 videte,
489 1966 616 2031 quid
649 1965 815 2031 agatis,
846 1983 907 2012 ne
933 1965 987 2012 in
1022 1982 1443 2033 unumquemque
1479 1977 1710 2014 nostrum

277 2049 576 2098 Censoribus
611 2048 665 2094 in
685 2059 940 2114 posterum
969 2059 1261 2113 potestatem
1280 2046 1468 2112 regiam
1501 2045 1709 2114 permit·-

277 2131 418 2180 tatis:
456 2147 520 2179 ne
554 2128 855 2196 subscriptio
887 2127 1120 2175 Censorio
1157 2145 1259 2175 non
1296 2116 1464 2176 niinus
1503 2126 1707 2175 calami·

379 2255 423 2294 5.
454 2252 644 2307 appellari
779 2267 816 2305 7.
846 2252 998 2290 moveri
1135 2265 1195 2293 11.
1227 2251 1375 2304 populo
1408 2251 1590 2291 Romano

371 2378 398 2398 1.
435 2364 736 2409 impedimentum
783 2362 801 2394 b
813 2361 950 2408 cdefg
964 2362 987 2393 Ῐι
1001 2362 1096 2395 iklo
1112 2375 1156 2396 rs
1171 2371 1218 2395 tu
1231 2360 1320 2401 υδζ
1446 2360 1537 2408 esse]
1584 2361 1701 2394 inesse

273 2424 296 2444 α
314 2421 329 2444 ε
378 2411 547 2444 dixerunt
572 2410 623 2442 ah
637 2421 654 2443 c
667 2409 692 2443 d
705 2409 790 2455 efg
803 2410 848 2441 Izi
863 2409 917 2441 kn
931 2422 949 2439 o
965 2420 989 2440 v
1002 2408 1048 2448 (ΐζ
1243 2410 1275 2446 3,
1306 2407 1485 2454 appellare
1512 2407 1582 2441 AB
1639 2419 1704 2453 ap-

272 2459 400 2502 pellari
428 2458 500 2492 ΒΟ
706 2468 738 2501 7,
773 2455 1000 2500 praescindat
1025 2455 1091 2488 AB
1250 2464 1390 2487 movere
1414 2456 1478 2494 11,
1501 2452 1579 2487 edd.
1615 2462 1702 2487 ante

272 2518 292 2537 0
341 2505 474 2538 moveri
503 2509 654 2548 οπρστ
840 2513 870 2546 9.
898 2502 1035 2534 aerario
1076 2500 1208 2533 referre
1240 2501 1309 2534 AB
1479 2512 1529 2541 ιᾳ
1560 2510 1702 2535 movere

271 2552 340 2584 AB
439 2554 538 2583 vetat
562 2561 585 2580 τι
819 2559 867 2580 ιι.
897 2547 1068 2591 appellari
1095 2559 1118 2579 sc
1292 2557 1311 2578 a
1347 2547 1482 2592 populo
1517 2547 1584 2580 AB
1675 2557 1697 2578 a

269 2608 355 2641 pop,
378 2598 537 2630 Romano
563 2597 592 2630 R
610 2598 638 2630 Ο
840 2595 889 2637 14,
915 2597 988 2627 sint
1013 2595 1042 2627 B
1100 2594 1294 2636 discrepari
1320 2594 1338 2631 ξ
1477 2595 1527 2630 15.
1565 2593 1696 2626 videtis

273 2654 409 2689 aoqw
545 2654 594 2686 ¹7·
622 2642 791 2674 dicuntur
816 2653 838 2672 cc
855 2652 877 2679 ς
1026 2652 1074 2684 ¹9·
1098 2648 1179 2686 post
1203 2639 1375 2673 Censores
1402 2651 1467 2684 mg.
1497 2641 1528 2674 Α
1555 2648 1590 2673 et
1619 2639 1714 2678 δεῖν

271 2689 358 2722 haec
384 2688 464 2721 add.
491 2688 535 2721 de
563 2689 626 2721 ino
654 2687 790 2720 iudicio
816 2693 995 2730 corruplO.
1114 2698 1168 2719 20.
1196 2686 1224 2718 si
1251 2685 1332 2719 ideo
1358 2687 1442 2733 quia
1475 2685 1702 2730 subscrips&

271 2737 344 2768 rint
370 2747 434 2769 om.
465 2736 495 2768 B
543 2734 624 2768 idco
650 2746 714 2767 om.
740 2735 771 2767 A
862 2745 915 2768 αι.
943 2733 1052 2778 agatis
1071 2757 1083 2774 ,
1099 2732 1220 2771 videte
1244 2743 1290 2768 ne
1311 2733 1331 2775 ξ
1433 2738 1589 2770 vestrum
1617 2742 1683 2772 ag<
