1846 3178
321 183 412 216 122
921 163 1130 206 ORATIO

188 298 282 359 λ(52
315 302 513 337 sensum
563 285 778 338 doloris?
853 284 956 355 Age
997 306 1135 350 vero,
1180 306 1272 359 per
1303 307 1455 358 quem
1487 306 1739 366 venenum

225 392 299 434 172
325 368 532 419 datum?
578 387 670 438 per
707 370 776 419 M.
809 369 1064 419 Asellium.
1151 370 1291 435 Quid
1325 372 1447 421 huic
1479 390 1596 422 cum
1626 372 1738 433 Hae„

314 451 454 501 bito?
487 450 646 498 nihil:
682 462 834 516 atque
867 449 1018 510 adeo,
1064 451 1204 518 quod
1235 452 1321 501 ille
1353 452 1634 522 Oppianico
1666 451 1740 502 fa-

314 531 647 583 miliarissime
680 543 751 579 est
782 549 921 590 usus,
955 531 1123 600 potius
1155 532 1307 581 etiam
1339 533 1576 583 simultas.
1607 533 1736 582 Eine

316 614 494 680 igitur,
528 628 680 678 quem
712 612 807 661 sibi
841 612 1175 672 offensiorem,
1210 612 1493 682 Oppianico
1525 612 1766 668 familia-5

315 696 568 745 rissimum
601 693 786 743 sciebat
819 711 940 753 esse,
975 694 1289 762 potissimum
1319 705 1370 744 et
1400 696 1556 745 scelus
1586 713 1737 749 suum.

317 789 370 826 et
402 777 540 826 illius
573 777 863 847 periculum
897 777 1274 827 committebat?
1338 778 1442 826 Cur
1474 777 1631 844 igitur
1665 789 1738 838 tu,

315 856 408 923 qui
455 857 640 925 pietate
684 857 749 906 ad
791 857 1131 908 accusandum
1179 857 1419 907 excitatus
1467 874 1540 918 es,
1597 857 1740 918 hune

315 938 559 987 Asellium
593 955 689 987 esse
712 939 938 989 inultum
968 939 1163 989 tamdiu
1194 939 1346 989 sinis?
1376 957 1470 987 cur
1502 956 1607 988 non
1638 940 1739 989 Ha-

317 1019 414 1068 biti
454 1022 679 1088 exemplo
715 1038 831 1070 usus
864 1038 937 1080 es,
971 1021 1031 1069 ut
1064 1038 1156 1089 per
1188 1021 1350 1078 illum,
1372 1020 1464 1088 qui
1496 1019 1790 1070 attulissetm

216 1110 291 1165 173
319 1117 581 1158 venenum,
604 1101 665 1149 de
696 1101 792 1150 hoc
830 1101 1294 1170 praeiudicaretur?
1325 1105 1431 1151 Iam
1463 1118 1580 1150 vero
1605 1100 1739 1151 illud

315 1199 470 1248 quam
505 1200 609 1230 non
641 1182 927 1250 probabile,
976 1200 1132 1249 quam
1166 1182 1487 1241 inusitatum,
1533 1181 1736 1241 iudices,

315 1280 471 1329 quam
520 1280 732 1322 novum,
779 1263 836 1312 in
882 1281 1013 1332 pane
1050 1262 1226 1312 datum
1257 1266 1534 1313 venenum!
1601 1263 1739 1312 Faci-

314 1345 478 1393 liusne
513 1345 705 1413 potuit,
739 1363 894 1412 quam
927 1345 983 1394 in
1015 1346 1227 1414 poculo?
1261 1346 1410 1394 latius
1443 1345 1626 1413 potuit,
1653 1345 1739 1393 ab·

315 1424 483 1475 ditum
518 1426 688 1493 aliqua
723 1426 778 1474 in
812 1437 954 1493 parte
990 1426 1145 1493 panis,
1181 1443 1336 1492 quam
1365 1425 1405 1474 si
1441 1436 1605 1474 totum
1638 1426 1790 1493 col-15

315 1507 648 1575 liquefactum
694 1508 750 1557 in
791 1508 996 1577 potione
1031 1509 1180 1556 esset?
1215 1507 1426 1556 celerius
1460 1507 1629 1575 potuit
1660 1525 1741 1555 co-
1786 1529 1794 1545 r

315 1604 531 1639 mestum
580 1608 735 1657 quam
773 1603 982 1659 epotum
1028 1591 1083 1640 in
1117 1607 1262 1639 venas
1295 1602 1447 1656 atque
1481 1588 1536 1636 in
1579 1587 1741 1637 omnis

314 1671 472 1738 partis
502 1672 723 1740 corporis
755 1673 1082 1739 permanare?
1114 1671 1309 1720 facilius
1326 1671 1499 1719 fallere
1530 1670 1586 1719 in
1610 1686 1739 1737 pane

314 1749 379 1813 (si
424 1764 544 1800 esset
588 1749 1007 1813 animadversum)
1054 1771 1207 1819 quam
1243 1753 1298 1801 in
1334 1746 1542 1821 poculo,
1576 1769 1740 1818 quum

314 1832 386 1881 ita
418 1833 684 1882 confusum
717 1845 848 1890 esset,
883 1844 944 1881 ut
975 1832 1164 1886 secerni
1198 1832 1342 1880 nullo
1374 1830 1523 1880 modo
1555 1831 1793 1900 possetho

210 1931 290 1986 ¹74
315 1916 381 1964 At
405 1916 670 1984 repentina
703 1927 864 1965 morte
898 1915 1064 1983 periit.
1143 1913 1294 1978 Quod
1342 1914 1382 1965 si
1415 1925 1536 1964 esset
1566 1915 1636 1966 ita
1667 1912 1740 1961 fa-

431 2061 462 2086 1.
490 2060 686 2086 venenum
716 2059 788 2099 per
816 2059 935 2099 quem
960 2045 1098 2085 datum
1216 2045 1256 2085 6.
1285 2052 1323 2084 et
1351 2058 1467 2084 suum
1494 2043 1618 2084 scelus
1699 2057 1738 2096 7.

424 2102 505 2140 Cur
534 2102 676 2141 deinde
703 2109 748 2140 tu

410 2239 438 2261 1.
473 2238 537 2272 per
572 2238 678 2272 quem
717 2237 892 2259 venenum
932 2225 1053 2259 datum
1087 2226 1154 2259 AB
1223 2235 1302 2258 ven.
1338 2234 1402 2270 per
1438 2233 1544 2270 quem
1579 2221 1649 2254 dat.
1675 2221 1742 2255 Ro

314 2275 348 2321 4.
382 2275 502 2319 potius
539 2275 645 2306 etiam
681 2279 804 2309 contra
835 2272 995 2305 simultas
1031 2273 1147 2307 Palat.
1171 2273 1358 2316 θικλμν
1450 2269 1576 2304 nihil:
1605 2275 1678 2313 pot.
1705 2271 1741 2300 et

315 2323 393 2355 sim.
418 2327 526 2365 atque
552 2320 640 2353 adeo
667 2320 730 2353 ine
755 2330 838 2365 opp,
863 2320 945 2355 fam,
975 2324 1028 2351 est
1053 2329 1136 2351 usus
1162 2318 1181 2350 h
1197 2317 1438 2356 -Ιινηαδεζ
1570 2315 1600 2349 5.
1628 2317 1742 2347 offen-

315 2379 430 2402 sorem
453 2370 484 2401 A
620 2369 652 2400 6.
682 2367 795 2399 scelus
830 2377 931 2399 suum
957 2366 1028 2399 AB
1096 2376 1199 2398 suum
1223 2365 1336 2398 scelus
1363 2365 1437 2398 Ro
1571 2371 1603 2405 7.
1631 2360 1742 2404 igitur

315 2415 389 2448 AB
437 2412 567 2447 deinde
592 2414 663 2447 ΒΟ
799 2425 831 2457 9.
858 2411 991 2445 iamdiu
1028 2414 1073 2446 Π
1106 2419 1254 2458 praeter
1284 2406 1595 2452 ΑΒηιννῑαδεζ
1623 2452 1630 2459 ¹
1692 2418 1744 2443 12.

318 2473 426 2503 quam
451 2461 675 2500 inusitatum,
702 2459 839 2492 iudices
865 2471 930 2492 om.
957 2458 975 2490 b
995 2478 1035 2484 —
1060 2470 1092 2491 m
1118 2458 1201 2502 γὸζ
1223 2468 1329 2502 quam
1344 2458 1435 2489 inus.
1459 2475 1504 2481 —
1530 2458 1649 2498 potuit
1677 2463 1743 2488 om.

317 2508 337 2546 ξ
434 2508 483 2551 14,
517 2507 624 2540 latius
651 2504 849 2549 Παβγδε
865 2506 911 2546 ζη
924 2517 937 2536 ι
954 2517 973 2551 ρ
1061 2504 1233 2538 latentius
1258 2506 1285 2535 θ·
1299 2503 1540 2548 κλμνξοπτ
1636 2499 1742 2532 lalius

322 2553 476 2586 diffundi
511 2554 632 2597 potuit
659 2562 681 2585 σ
763 2550 941 2597 abditum]
977 2550 1114 2584 aditum
1150 2549 1436 2595 defhprstuv
1505 2545 1666 2580 additum
1699 2554 1743 2576 ικ

317 2599 453 2632 aditum
482 2600 612 2633 habere
635 2610 658 2631 α
750 2599 859 2631 latius
888 2598 1016 2641 petivit
1039 2598 1174 2631 aditum
1203 2596 1324 2641 aliqua
1351 2606 1374 2635 ς
1472 2607 1523 2638 ¹7·
1551 2597 1745 2625 comestum

318 2647 389 2681 AB
416 2648 528 2679 Prisc.
554 2660 588 2692 p.
613 2648 690 2691 982.
719 2656 774 2678 071
791 2654 877 2689 ρστ
914 2644 1144 2678 80111851111111
1168 2641 1242 2676 edd.
1269 2650 1354 2678 vett.
1374 2646 1497 2685 potum
1517 2637 1744 2692 iltlpqaq{

324 2694 374 2727 18.
402 2695 514 2736 partis
546 2695 660 2726 omnis
684 2693 713 2736 B
783 2702 988 2737 permanere
1014 2693 1106 2725 Aac
1152 2700 1333 2736 permeare
1359 2701 1381 2742 q
