1846 3178
476 718 1135 784 PRAEFATIO.

11 1219 15 1223 .
78 1148 154 1223 A.
184 1178 361 1220 Cluentii
391 1179 569 1222 defensio
590 1182 676 1222 iure
694 1183 797 1221 inter
824 1176 1182 1235 praestantissimas
1202 1174 1410 1215 Ciceronis
1436 1187 1529 1214 ora·
1560 1172 1563 1175 ⁴

76 1267 206 1308 tiones
233 1267 418 1309 habenda
451 1278 534 1310 est:
569 1285 664 1310 nam
695 1272 736 1309 in
766 1271 854 1324 ipso
892 1267 1032 1308 aetatis
1060 1274 1100 1307 et
1124 1266 1274 1306 virium
1302 1263 1400 1304 flore
1428 1277 1530 1304 con-

76 1354 244 1407 spicitur
272 1369 451 1396 summus
485 1365 622 1397 orator
637 1387 648 1408 ,
688 1371 815 1411 quum
859 1369 1020 1395 causam
1067 1367 1260 1408 perquam
1296 1351 1531 1406 impeditam

77 1447 118 1482 et
146 1449 374 1483 contortam
401 1444 628 1493 admirabili
666 1445 814 1498 ingenii
853 1445 914 1483 sui
954 1442 1141 1482 felicitate
1184 1440 1298 1479 facile
1335 1441 1526 1493 explicet,

79 1534 119 1568 et
147 1527 279 1568 varios
306 1529 415 1570 locos
445 1532 548 1570 inter
575 1545 617 1570 se
646 1531 934 1571 diversissimos
954 1530 1111 1583 egregia
1128 1527 1357 1580 diligentiae
1376 1543 1526 1582 aequa-

79 1614 192 1655 litate
217 1624 503 1672 persequatur,
529 1624 569 1657 et
596 1625 798 1671 susceptas
826 1616 985 1671 patroni
1014 1617 1140 1669 partis
1180 1614 1376 1655 indefesso
1405 1616 1528 1655 animi

78 1702 219 1757 vigore
261 1709 423 1744 strenue
458 1703 609 1758 ubique
647 1710 856 1744 sustentet.
929 1702 1098 1742 Accedit
1135 1703 1246 1757 quod
1286 1718 1360 1758 per
1402 1711 1529 1744 totam

80 1792 305 1834 orationem
333 1793 540 1833 verissima
580 1795 687 1833 vitae
709 1799 748 1832 et
784 1805 945 1832 morum
973 1793 1103 1847 imago
1142 1793 1410 1846 proponitur,
1450 1807 1531 1847 qua

82 1876 317 1918 insanabilis
345 1877 527 1931 morbus,
555 1875 647 1932 quo'
675 1885 764 1932 post
790 1877 955 1933 Syllana
981 1885 1164 1932 tempora
1200 1878 1417 1931 imperium
1447 1879 1531 1918 Ro·-

83 1980 248 2007 manum
275 1966 487 2007 manifesto
517 1966 739 2018 laborabat,
775 1965 900 2006 oculis
935 1967 1082 2006 nostris
1121 1965 1334 2020 detegitur.
1382 1966 1533 2017 ‘Quare

84 2056 159 2095 etsi
187 2054 328 2095 Cicero
364 2058 450 2110 ipse
490 2053 619 2111 (quod
646 2055 756 2095 haud
787 2062 951 2110 gravate
979 2053 1255 2107 Quinctiliano
1283 2056 1374 2094 testi
1404 2054 1440 2095 I.
1473 2054 1531 2094 Ο.

86 2143 153 2193 11,
195 2158 255 2199 17.
284 2142 505 2200 credimus)
532 2145 717 2185 tenebras
745 2158 787 2184 se
813 2143 1014 2183 iudicibus
1042 2144 1084 2182 in
1115 2142 1191 2181 hac
1211 2142 1384 2181 Cluentii
1415 2155 1535 2182 causa

86 2231 290 2273 obfudisse
316 2233 508 2288 gloriatus
536 2234 610 2282 sit,
642 2236 720 2272 stat
755 2239 890 2271 tamen
919 2245 1014 2271 suus
1054 2229 1325 2269 nobilissimae
1361 2229 1534 2269 orationi

87 2320 243 2372 honor,
295 2321 491 2376 nobisque
532 2322 792 2364 imminutum
832 2327 968 2360 manet
1006 2318 1183 2359 officium
1219 2325 1305 2358 tam
1343 2316 1537 2371 praeclari

91 2406 340 2462 eloquentiae
368 2408 618 2448 monumenti
647 2408 911 2447 conservandi
943 2415 1009 2460 et,
1037 2409 1071 2447 si
1098 2407 1184 2446 fieri
1213 2406 1340 2460 possit
1357 2435 1367 2454 ‚
1415 2418 1536 2459 expo-

91 2491 215 2534 liendi
245 2503 286 2535 et
312 2494 566 2536 emendandi.
635 2495 760 2535 Cuius
801 2494 920 2534 officii
948 2508 1077 2549 quum
1106 2493 1281 2549 aliquam
1307 2500 1461 2547 partem
1500 2499 1540 2532 et

93 2579 195 2621 mihi
221 2581 410 2638 obtigisse
438 2582 589 2633 laeter,
632 2582 752 2623 huius
778 2597 923 2637 operae
950 2596 1112 2624 causam
1138 2589 1178 2622 et
1205 2581 1415 2621 consilium
1445 2580 1539 2620 bre-

94 2670 197 2709 viter
227 2685 439 2727 exponam.
