1846 3178
744 122 981 166 cmTlCA.
1474 145 1562 196 ,97

130 251 438 291 Lambinianum
467 247 568 289 illud
595 247 708 304 quod
734 250 1002 288 necessarium
1038 253 1155 299 esset,
1184 245 1259 287 nisi
1290 246 1430 287 melior
1466 249 1567 289 scri-

128 328 251 376 ptura
278 335 387 362 nuno
414 334 460 360 ex
490 320 658 375 egregiis
686 320 892 360 codicibus
918 318 1129 374 prodisset.

235 402 316 459 98,
351 402 390 447 5.
435 404 507 445 Cn.
552 401 770 456 Plancum]
845 402 1035 441 Eundem
1072 400 1275 440 bominem
1301 399 1343 442 h.
1375 397 1405 439 l.
1434 402 1566 440 nomi-

123 471 243 524 inari,
286 475 356 530 qui
383 474 434 514 de
465 474 585 514 Orat.
625 474 677 524 11,
707 472 784 521 54,
829 480 868 513 et
896 487 919 512 a
956 472 1229 523 Quinctiliano
1257 471 1343 520 VI,
1388 471 1428 510 3.
1463 486 1486 510 a
1514 474 1564 512 L.

124 545 268 588 Crasso
327 553 468 586 contra
528 546 588 587 M.
637 546 808 584 Brutum
857 545 1044 584 defensus
1095 559 1177 584 esse
1222 550 1430 594 narratur,
1472 546 1566 582 satis

122 625 293 658 constat:
341 626 475 659 tamen
516 633 541 659 a
582 617 782 672 plerisque
832 616 1076 668 editoribus,
1123 617 1244 655 etiam
1282 616 1334 655 ab
1382 615 1562 665 Orellio,

122 687 166 728 h.
214 689 244 730 l.
299 691 349 735 L.
391 691 607 742 Plancius,
657 691 699 729 in
751 688 822 729 illo
863 689 952 729 loco
997 689 1048 728 de
1092 689 1210 728 Orat.
1278 689 1351 727 Cn.
1393 688 1567 728 Plancus

121 759 328 802 scribitur.
396 761 476 801 Sed
522 760 573 800 de
627 760 866 814 cognomine
917 760 1066 798 Planci
1116 760 1196 797 iam
1251 758 1426 798 dubitari
1482 774 1564 800 non

121 837 283 886 potest:
330 845 424 871 nam
463 839 601 871 nostro
634 829 723 870 loco
747 844 886 870 omnes
914 830 995 869 fere
1023 835 1063 868 et
1089 830 1414 882 praestantissimi
1443 832 1561 871 codd,

123 916 218 943 cum
260 906 458 944 constanti
503 902 768 955 Quinctiliani
805 909 845 942 et
877 902 1040 942 alterius
1068 901 1319 940 Ciceroniaui
1348 901 1425 940 loci
1466 905 1565 942 scri-

118 982 238 1031 ptura
284 977 570 1017 consentiunt:
610 988 855 1030 praenomen
892 975 1025 1013 minus
1052 979 1206 1012 certum
1232 980 1311 1012 est:
1341 988 1434 1012 nam
1463 973 1506 1017 h.
1535 973 1565 1014 Ι.

121 1055 164 1088 et
195 1049 243 1089 C.
273 1056 314 1089 et
347 1049 399 1088 L.
420 1077 434 1100 ,
475 1047 584 1103 apud
615 1046 936 1099 Quinctilianum
969 1053 1008 1086 et
1037 1046 1080 1086 C.
1109 1052 1148 1085 et
1178 1047 1250 1084 Cn.
1282 1046 1323 1084 in
1354 1045 1470 1085 MSS.
1500 1047 1564 1085 in-

117 1122 295 1163 venitur.
362 1120 490 1160 Nobis
537 1120 699 1174 quidem
740 1127 942 1173 receptam
974 1118 1085 1158 illam
1112 1118 1152 1157 in
1181 1117 1271 1157 loco
1299 1118 1350 1157 de
1376 1117 1494 1157 Orat.
1524 1125 1565 1158 et

116 1191 160 1232 in
189 1191 464 1244 Quinctiliano
493 1193 733 1246 scripturam
762 1193 873 1245 sequi
903 1191 1069 1246 placuit.

231 1304 308 1334 too
325 1321 339 1343 ,
366 1290 410 1332 8.
436 1293 474 1332 si
497 1306 617 1348 quam
644 1293 736 1331 huic
765 1290 1017 1346 graviorem]
1066 1293 1155 1331 lna’c
1181 1291 1226 1330 h.
1257 1306 1295 1331 e.
1340 1291 1560 1343 Cluenti03

114 1363 237 1418 idque
263 1365 382 1404 unice
397 1378 540 1404 verum
557 1378 644 1404 esse
659 1364 853 1403 existimo:
886 1378 979 1403 nam
998 1364 1037 1402 in
1066 1363 1229 1417 vulgata
1248 1364 1443 1416 scriptura
1464 1364 1563 1417 quid

114 1437 166 1476 sit
190 1436 361 1489 gravior
400 1438 560 1492 opinio,
590 1450 671 1475 non
700 1435 841 1485 video,
872 1436 948 1476 nisi
974 1436 1078 1475 forte
1114 1436 1154 1475 id
1184 1435 1292 1489 quod
1327 1435 1447 1475 huius
1481 1436 1560 1476 loci

112 1522 195 1547 non
241 1515 325 1548 est:
373 1510 569 1549 sententia
609 1509 786 1562 graviter
815 1521 1036 1561 perpensa:
1065 1509 1256 1560 gravior,
1286 1509 1395 1562 quod
1423 1517 1562 1562 aperte

112 1578 155 1620 h.
185 1578 212 1622 l.
239 1580 420 1634 infestior
447 1586 522 1631 est,
550 1578 743 1619 dativum.
760 1577 873 1617 illum
905 1579 1089 1631 requirit,
1121 1591 1241 1630 quem
1269 1579 1407 1631 optimi
1437 1579 1555 1618 codd.

113 1651 243 1691 nostri
270 1650 479 1691 commode
506 1649 828 1704 suppeditarunt.
902 1650 1043 1704 Longe
1081 1649 1197 1689 aliter
1219 1658 1473 1703 comparatus
1499 1658 1561 1691 est

78 1709 84 1717 i
110 1721 224 1763 locus
250 1722 301 1762 ad
331 1722 502 1777 speciem
528 1721 667 1762 similis
694 1736 736 1775 p.
770 1721 813 1772 6,
846 1721 886 1761 3.
917 1721 968 1760 de
996 1736 1078 1775 quo
1106 1737 1227 1775 supra
1255 1723 1422 1776 egimus.

227 1806 290 1846 13.
338 1806 605 1853 damnatione,
651 1804 858 1861 respondi]
935 1806 1107 1846 Distinxi
1155 1813 1354 1845 commate
1399 1812 1489 1859 post
1515 1820 1556 1849 v.

110 1877 392 1929 damnatione,
420 1879 530 1933 quod
557 1892 756 1932 nusquam
784 1878 934 1918 factum
963 1878 1078 1927 vidi,
1107 1885 1153 1917 ut
1169 1908 1181 1929 ,
1209 1892 1312 1932 quae
1343 1878 1556 1918 manifesto

110 1950 388 2004 coniungenda
430 1951 510 1990 sint
525 1981 536 2003 ,
576 1958 790 2005 appareat,
831 1950 918 1994 scil.
964 1950 1023 1990 ad
1057 1950 1190 1989 omnia
1218 1973 1271 1980 —
1304 1949 1490 2004 resporuli
1517 1957 1558 1990 et

108 2036 210 2076 quae
237 2022 307 2062 ahs
337 2031 374 2062 te
403 2022 512 2062 dicta
539 2031 627 2062 sunt
652 2023 702 2062 de
727 2023 998 2062 damnacione.

206 2119 308 2156 101,
355 2106 393 2148 5.
433 2107 665 2160 defiendzkoe,
697 2123 745 2147 ac
772 2106 828 2161 si]
885 2107 976 2147 Non
1019 2107 1150 2161 potuit
1191 2107 1261 2147 hie
1292 2107 1403 2147 loeus
1439 2107 1556 2149 aliter

107 2178 289 2217 restitui.-
321 2178 440 2232 idque
467 2180 704 2233 iampridem
734 2181 955 2228 Manutius,
987 2181 1082 2219 Car.
1112 2178 1338 2232 Stephanus
1367 2187 1406 2218 et
1433 2181 1554 2220 Lam-

106 2248 228 2290 binus
254 2249 550 2302 intellexerunt,
582 2266 682 2306 quos
711 2251 889 2292 Orellius
917 2254 1007 2291 iure
1030 2251 1221 2305 sequitur.
1269 2250 1374 2289 Nam
1404 2252 1436 2290 si
1463 2253 1555 2306 quis

107 2319 160 2360 ab
195 2323 357 2375 optimis
398 2322 512 2362 libris
549 2337 599 2362 ac
640 2337 715 2377 pro
745 2324 836 2375 hac,
866 2322 974 2377 quod
1003 2322 1124 2377 vulgo
1155 2321 1303 2372 editur,
1334 2325 1553 2364 certissime

106 2392 386 2433 confirmatum
415 2395 577 2443 viderit,
611 2409 692 2435 non
721 2394 935 2446 dubitabit,
965 2395 1218 2434 notissimum
1237 2394 1350 2434 ilium
1376 2395 1553 2447 particu-

109 2460 242 2503 larum
272 2479 446 2504 nexum:
475 2480 580 2505 secus
606 2488 660 2496 ——
688 2481 736 2505 ac
761 2469 798 2506 si
825 2466 866 2510 h,
896 2466 926 2506 l.
962 2473 1008 2505 ut
1037 2479 1154 2519 saepe
1181 2480 1206 2505 a
1234 2466 1427 2506 Cicerone
1469 2481 1554 2508 esse

106 2533 358 2574 institutum:
401 2535 466 2574 hic
492 2542 626 2575 autem
665 2535 774 2575 nulla
818 2536 896 2576 alia
936 2536 1091 2575 ratione
1128 2542 1258 2588 potest
1305 2540 1551 2590 conservari,

105 2617 241 2656 quam>
260 2605 291 2644 si
320 2613 478 2660 praeter
516 2605 710 2646 librorum
758 2609 1036 2647 auctoritatem
1076 2606 1295 2646 infinitivus
1332 2608 1552 2660 dfindzkse

105 2677 312 2730 reponitur
337 2692 413 2732 pro
440 2679 695 2719 coniunctivo
723 2679 984 2733 defendissem
1000 2707 1013 2732 ,
1036 2691 1118 2734 quo
1149 2680 1284 2720 omnia
1320 2679 1550 2724 turbantur.
