1846 3178
294 120 386 156 200
840 101 1162 143 ADNo‘rArlo

292 230 577 278 opponuntur,
617 223 723 264 hoc:
811 224 1065 277 Quamobrem
1105 223 1155 262 de
1183 231 1218 262 te
1234 253 1245 274 ‚
1289 222 1461 270 Cluenti,
1501 221 1573 260 tihi
1606 221 1712 261 obse-

289 309 390 350 quor
396 310 412 344 ;
441 302 480 335 et
506 296 636 335 istud:
666 295 738 334 sed
761 309 824 344 ea,
839 309 938 349 qaae
963 304 999 333 te
1031 310 1058 333 a
1084 309 1144 333 me
1170 294 1392 334 desiderare
1418 294 1608 343 arbitror,
1635 307 1715 334 non.

290 365 519 420 relinquam.
574 367 741 406 Accium
771 379 813 405 se
841 364 1039 418 appellare
1068 365 1207 403 Cicero
1247 364 1354 405 haud
1384 363 1503 402 dubie
1540 363 1716 416 corporis

290 437 549 475 conversione
575 437 669 475 satis
696 434 885 473 indicavit
901 465 913 483 ‚
946 435 1102 473 etiamsi
1132 447 1277 473 nomen
1304 448 1383 472 non
1415 435 1546 472 statim
1575 446 1715 486 seque-

290 510 418 550 retur,
433 502 542 556 quod
571 503 710 556 capitis
742 503 930 543 incisione
960 517 1043 542 non
1071 510 1160 556 apte
1186 515 1210 541 a
1238 502 1561 555 praecedentibus
1587 503 1719 543 seiun-

290 579 400 613 ctum
431 580 503 612 est.

407 656 465 696 ¹7-
490 644 545 681 eis
574 665 625 672 —
652 642 817 698 legibus]
873 642 979 683 Male
1015 642 1194 683 Orellius
1232 643 1377 682 horum
1409 641 1620 683 verborum
1657 642 1718 683 al·

291 720 492 753 terutrum
529 712 745 752 delendum
782 727 864 754 esse
899 721 1056 754 censet:
1095 716 1151 753 eis
1174 714 1216 753 h.
1242 727 1280 754 e.
1306 712 1477 762 talibus,
1508 713 1550 753 in
1574 713 1720 768 quibus

291 798 551 838 personarum
581 783 792 824 discrimen
821 786 1023 825 statuitur.

402 868 466 893 20.
495 855 705 902 accusavit,
736 863 778 893 at
805 876 857 884 —
885 855 942 893 uti
974 852 1171 909 oportere]
1228 854 1483 906 Quamquam
1511 852 1552 892 h.
1579 851 1610 892 l.
1639 866 1722 893 non

292 925 506 964 satisfaciat
543 932 727 964 constans
765 923 958 964 librorum
1004 926 1214 979 scriptura,
1252 932 1384 964 tamen
1414 925 1608 976 integram
1635 936 1724 963 eam

290 996 499 1034 restituere
528 997 653 1034 tutius
680 994 864 1034 duximus
880 1025 890 1043 ‚
920 1009 1039 1049 quam
1069 996 1228 1034 incertis
1255 994 1446 1034 fluctuare
1471 994 1723 1034 coniecturis.

292 1065 413 1115 Quod
447 1065 667 1104 Lambinus
693 1064 845 1104 edidit:
875 1064 1086 1113 recusavit,
1114 1065 1211 1119 quin
1239 1079 1313 1119 qao
1343 1066 1522 1103 altiorem
1540 1065 1729 1104 -—uti

293 1144 485 1189 oportere,
518 1135 560 1173 id
587 1136 749 1173 omnino
781 1147 922 1173 verum
951 1135 1121 1173 oratoris
1160 1148 1319 1174 sensum
1349 1135 1402 1173 ita
1430 1134 1640 1187 exprimit,
1679 1140 1726 1173 ut

293 1205 531 1243 Ciceronem
557 1206 612 1243 sic
639 1204 835 1256 scripsisse
864 1203 974 1242 haud
1002 1205 1256 1257 poeniturum
1285 1205 1402 1244 fuisse
1430 1203 1606 1255 credam,
1626 1205 1727 1244 scri-

294 1277 418 1328 psisse
446 1281 579 1314 autem
608 1288 690 1312 non
717 1281 866 1326 putem.
907 1273 1094 1313 Fortasse
1119 1273 1220 1312 nihil
1247 1273 1355 1313 aliud
1383 1274 1620 1313 mutandum
1646 1281 1720 1323 est,

297 1360 417 1398 quam
446 1344 613 1384 verbum
640 1345 851 1394 accusavit,
883 1357 956 1397 pro
983 1358 1063 1396 quo
1091 1344 1282 1383 recusavit
1307 1345 1471 1383 omnino
1499 1343 1626 1390 multo
1653 1358 1726 1399 ap·-

291 1417 373 1454 tius
413 1415 597 1455 videtur:
641 1422 730 1454 tum
773 1421 907 1454 autem
948 1415 1079 1453 nescio
1110 1428 1162 1453 an
1189 1421 1388 1454 structura
1424 1423 1466 1453 ut
1491 1434 1545 1443 —
1565 1422 1722 1469 putaret

291 1501 365 1541 pro
405 1485 573 1540 simplici
613 1486 811 1524 infinitivo
848 1485 972 1538 accipi
1015 1486 1161 1537 possit:
1204 1484 1244 1524 id
1273 1492 1380 1524 certe
1407 1484 1623 1524 tenendum
1649 1491 1724 1534 est,

292 1558 557 1609 negationem,
590 1569 692 1609 quae
723 1553 846 1608 vulgo
874 1561 965 1593 ante
991 1563 1170 1609 oportere
1199 1554 1402 1608 inseritur,
1424 1554 1535 1594 nulla
1565 1557 1729 1596 omnino

290 1627 364 1665 niti
394 1626 643 1667 auctoritate.

410 1711 478 1750 ¹07
503 1726 514 1744 ‚
545 1695 583 1738 8.
613 1698 683 1751 qui
707 1694 919 1750 summum]
1005 1695 1114 1735 Male
1144 1694 1266 1749 vulgo
1292 1696 1336 1736 in
1364 1697 1552 1736 inseritur
1585 1710 1632 1736 ex
1658 1695 1730 1736 de-

291 1767 505 1806 terioribus
535 1766 666 1814 MSS„
698 1780 778 1820 quo
806 1780 935 1819 neque
962 1772 1164 1805 structura
1179 1766 1290 1805 verbi
1307 1766 1543 1806 adscendere
1562 1766 1728 1807 adiuva-

290 1844 358 1877 tur
388 1836 448 1890 (v.
464 1836 504 1875 d.
531 1838 622 1880 Div.
638 1837 672 1888 1,
708 1837 772 1876 28.
795 1836 846 1876 58
864 1853 875 1876 :
907 1837 1114 1876 adversam
1131 1839 1261 1892 ripam
1281 1837 1530 1877 adscendere.
1546 1837 1587 1876 d.
1603 1837 1732 1878 Amic.

290 1923 326 1947 c.
357 1908 420 1949 23.
453 1906 532 1947 88:
562 1909 598 1945 si
621 1909 705 1961 quis
729 1908 874 1946 eoelum
901 1908 1160 1946 adscendisset
1189 1908 1229 1960 (e
1267 1907 1384 1947 bonis
1423 1907 1558 1958 codd.)
1611 1908 1725 1947 Caes.

291 1979 338 2017 B.
370 1979 420 2020 G.
442 1978 476 2028 I,
507 1991 553 2016 21
574 1992 584 2016 :
616 1979 748 2030 iugum
775 1978 1043 2028 adscendere),
1072 1985 1113 2016 et
1140 1976 1309 2017 alterum
1332 1979 1555 2032 petiverunt
1581 1991 1603 2017 e
1630 1977 1724 2031 legi-

291 2048 393 2087 timo
424 2062 496 2087 suo
523 2062 624 2087 nexu
653 2049 836 2102 eripitur,
863 2062 987 2102 quum
1015 2048 1066 2087 ad
1093 2049 1359 2088 accusativum
1386 2062 1577 2087 summum
1603 2049 1729 2088 locum

291 2126 427 2173 aperte
453 2121 661 2172 pertineat.

408 2189 499 2240 108,
536 2190 595 2229 15.
626 2191 662 2229 si
687 2190 932 2230 constitutum
960 2190 1032 2241 est]
1076 2189 1191 2228 Redii
1219 2189 1270 2228 ad
1298 2191 1465 2243 priscam
1499 2190 1729 2243 probatam-

294 2274 372 2313 que
414 2262 654 2314 scripturam
701 2275 725 2300 a
756 2261 954 2300 Lambino
997 2261 1173 2315 primum
1219 2260 1399 2300 relictam
1434 2268 1474 2300 et
1498 2267 1692 2300 tentatam
1711 2275 1725 2301 :

293 2330 531 2370 indicativus
559 2333 595 2370 si
619 2354 674 2360 —
701 2341 756 2371 esc
784 2331 1162 2371 confidentissimam
1191 2330 1336 2371 horum
1381 2331 1591 2370 hominum
1617 2344 1728 2384 spem

294 2402 491 2455 depingit,
508 2416 588 2455 qua
608 2409 815 2451 tamquam
844 2403 992 2442 factum
1022 2403 1095 2442 sihi
1114 2409 1364 2456 proponunt,
1378 2402 1485 2455 quod
1498 2410 1730 2456 sperant.—

293 2474 387 2510 Mox
426 2473 574 2511 verba:
618 2474 687 2527 qai
723 2486 809 2511 rem
838 2472 1071 2520 iudicarent,
1116 2487 1197 2512 non
1224 2479 1317 2511 sunt
1343 2472 1394 2511 de
1419 2479 1526 2511 certo
1553 2473 1728 2526 quodam

294 2542 449 2584 iudicio
480 2542 747 2596 intelligenda,
779 2550 826 2582 ut
853 2543 1072 2596 perfectum
1099 2543 1326 2593 iudicarint,
1355 2542 1462 2595 quod
1490 2551 1576 2595 post
1605 2545 1725 2582 Lam-

292 2611 433 2654 binum
472 2611 648 2652 Orellius
677 2613 1209 2667 existimavit‚necessarium
1226 2613 1294 2654 sit:
1326 2612 1395 2654 sed
1421 2613 1519 2654 ordo
1547 2614 1725 2655 iudicum
