1846 3178
594 176 707 218 rao
754 174 808 215 A.
839 173 1142 215 cLUEN‘mo.
1531 182 1596 244 89

150 309 310 348 tutus}
369 315 435 349 ne
478 313 648 351 autem
685 299 907 351 nimium
955 300 1107 350 multi
1154 317 1370 369 poenam
1417 301 1597 370 capitis

144 378 396 439 subirent,
433 381 622 433 idcirco
658 383 744 432 illa
778 385 975 434 sortitio
1011 395 1299 452 comparata
1333 395 1416 431 est.
1484 386 1593 433 Hoc
1618 394 1693 435 129

146 463 206 514 tu
253 462 390 515 idem
439 464 589 516 facies
637 468 824 516 Censor
875 467 929 515 in
976 478 1156 516 senatu
1204 465 1449 533 legendo?
1542 467 1592 515 Si

142 544 298 597 erunt
329 548 516 617 plures,
552 549 644 617 qui
679 550 745 598 ob
781 549 1107 598 innocentem
1141 547 1590 599 condemnandum

117 627 418 699 {pecuniam
462 632 782 702 acceperint,
835 644 894 680 tu
947 648 1051 680 non
1091 630 1460 680 animadvertes
1533 631 1592 682 in

140 711 318 772 omnis,
351 711 438 762 sed
471 730 656 783 carpes,
678 725 739 763 ut
772 713 905 772 velis,
931 726 981 762 et
1014 730 1202 781 paucos
1234 731 1295 761 ex
1329 713 1503 762 multis
1524 713 1591 763 ad

139 792 476 861 ignominiam
508 795 748 845 sortiere?
782 795 1005 843 Habebit
1040 795 1209 862 igitur,
1247 808 1295 843 te
1327 797 1514 846 sciente
1539 809 1590 848 et

138 873 364 933 vidente,
398 875 540 926 curia
575 878 890 935 Senatorem,
937 877 1160 946 populus
1206 880 1462 927 Romanus
1510 879 1590 928 iuf-

137 955 315 1018 dicem,
331 970 408 1008 res
423 959 632 1029 publica
650 960 807 1009 civem
830 959 939 1008 sine
959 960 1238 1027 ignominia
1257 979 1584 1029 quemquam,

87 1038 229 1109 ioqui
261 1039 327 1089 ad
358 1041 641 1111 perniciem
675 1040 986 1098 innocentis,
1022 1039 1175 1088 {idem
1207 1059 1350 1090 suam
1385 1055 1435 1090 et
1470 1043 1586 1092 reli-

129 1121 335 1190 gionem
367 1123 589 1193 pecunia
624 1123 984 1173 commutarit?
1034 1136 1107 1181 et,
1145 1124 1236 1191 qui
1282 1125 1446 1192 pretio
1497 1125 1585 1174 ad-

129 1200 314 1255 ductus
360 1207 611 1276 eripuerit
654 1206 892 1275 patriam,
950 1205 1202 1265 fortunas,
1254 1207 1441 1256 liberos
1483 1203 1582 1259 eivi

128 1285 406 1347 innocenti,
429 1289 469 1338 is
481 1288 746 1337 Censoriae
763 1288 1036 1336 severitatis
1058 1299 1177 1336 nota
1192 1308 1294 1336 non
1313 1289 1404 1337 inu
1412 1292 1585 1339 retur?

125 1371 209 1420 Tu
241 1389 292 1420 es
326 1372 609 1441 praefectus
642 1371 896 1427 moribus,
931 1385 989 1420 tu
1022 1371 1257 1438 magister
1290 1373 1469 1421 veteris
1503 1372 1602 1427 dig*

77 1452 371 1522 :Ssciplinae
411 1466 463 1504 et
503 1454 804 1509 severitatis,
839 1454 878 1502 si
923 1467 1014 1502 aut
1046 1453 1232 1502 retines
1265 1471 1580 1522 quemquam

125 1534 284 1584 sciens
318 1535 374 1585 in
395 1547 598 1594 senatu,
641 1536 826 1584 scelere
855 1548 998 1584 tanto
1021 1535 1448 1595 contaminatum,
1485 1550 1577 1587 aut

123 1618 312 1677 statuis,
347 1617 440 1686 qui
477 1618 533 1666 in
556 1617 734 1666 eadem
756 1618 908 1686 culpa
930 1618 1021 1674 sit,
1058 1636 1163 1667 non
1199 1617 1375 1666 eadem
1410 1637 1576 1687 poena

124 1700 254 1750 affici
289 1701 553 1770 oportere?
585 1700 923 1762 Convenitne,
959 1713 1019 1749 ut
1041 1719 1198 1767 quam
1223 1700 1573 1753 conditionem

121 1782 362 1852 supplicii
397 1783 612 1832 maiores
648 1783 705 1832 in
737 1782 872 1831 bello
919 1782 1183 1832 timiditati
1229 1784 1408 1833 militis
1455 1804 1574 1854 pro-

70 1865 338 1935 nopositam
355 1882 457 1914 esse
477 1865 765 1924 voluerunt,
778 1864 991 1914 eandem
1011 1865 1143 1914 tuin
1162 1883 1284 1935 pace
1297 1867 1589 1918 constituas*

121 1945 442 2017 improbitati
474 1947 758 2018 senatoris?
824 1946 1020 2011 Quodsi
1054 1947 1151 1997 hoc
1185 1951 1475 2019 exemplum
1509 1969 1570 2000 ex

7 770 35 779 ς

230 2075 269 2120 5.
298 2084 344 2117 ut
384 2091 466 2117 non
630 2077 925 2117 animadvertas
1156 2077 1217 2118 18.
1247 2079 1349 2119 affici
1380 2088 1567 2134 oportere

227 2133 443 2174 convenire
609 2147 674 2173 20.
702 2135 917 2173 constitues

211 2255 243 2289 5.
269 2259 308 2288 tu
335 2254 434 2288 ΑΒτ
553 2260 593 2288 ut
617 2255 647 2289 R
667 2255 765 2301 vulg,
838 2269 903 2290 om.
935 2258 992 2297 ξσ
1192 2258 1458 2292 animadvertes
1482 2261 1566 2300 ξστ

117 2300 371 2336 animadvertis
402 2301 472 2336 AB
501 2302 764 2336 animadvertas
790 2305 818 2338 R
847 2304 949 2349 vulg.
1061 2304 1086 2339 6
1122 2315 1248 2350 carpes
1281 2306 1565 2351 11,·βγδ“εζηι

117 2348 285 2394 κμξστ
376 2359 500 2396 carpas
529 2349 647 2384 λνοπ
663 2360 683 2394 ρ
733 2351 842 2395 veiis]
868 2352 965 2385 voles
994 2351 1083 2391 ξστ
1225 2365 1258 2398 7.
1287 2356 1440 2387 sortiere
1466 2357 1565 2399 Πῑβ

116 2393 447 2443 γδεζηικμξστ
518 2397 670 2429 sortiare
696 2397 855 2444 λνοπρ
1007 2411 1041 2444 9.
1071 2399 1289 2443 ignominia:
1311 2398 1343 2432 h.
1370 2401 1385 2433 l
1435 2405 1577 2436 rursus

117 2441 248 2490 incipit
274 2443 304 2477 C
505 2445 554 2478 13.
582 2449 707 2478 uretur
731 2445 800 2478 BC
994 2445 1045 2491 14.
1073 2450 1111 2478 tu
1136 2458 1202 2480 om.
1231 2445 1284 2480 cd.
1318 2447 1412 2490 1584.
1434 2456 1563 2495 οπρσ

84 2526 87 2527 ⁷
123 2490 173 2523 15.
203 2490 252 2537 etl
278 2501 320 2523 ac
346 2490 376 2524 C
535 2502 584 2535 ¹7-
614 2490 692 2538 qui]
721 2492 801 2536 quis
826 2494 857 2526 A
1000 2494 1051 2527 18.
1078 2494 1276 2535 oportere?
1317 2493 1558 2544 Convenitne]

117 2542 284 2580 oportere
311 2538 506 2571 convenire
531 2539 689 2572 ABbct-
702 2538 856 2573 hiklm
869 2552 923 2573 no
949 2539 1008 2574 Fr.
1042 2552 1067 2577 1,
1091 2541 1198 2586 Regg.
1227 2555 1258 2578 2,
1283 2539 1561 2585 βγδεζηθικ

116 2594 144 2628 μ
159 2594 217 2617 vn
313 2591 480 2630 oportere
515 2598 580 2619 om.
619 2585 763 2632 Cdfg}
777 2598 795 2619 ο
808 2598 831 2618 71
847 2600 866 2633 ρ
880 2595 903 2619 σ
917 2599 935 2620 τ
1031 2588 1225 2620 convenire
1250 2600 1318 2623 om.
1345 2589 1366 2621 λ,
1505 2590 1560 2638 ut]

116 2635 180 2664 aut
206 2631 261 2665 Cr
290 2638 327 2666 et
364 2631 788 2678 δζηθικλμ,νξοοσ
934 2639 974 2667 ut
999 2634 1044 2667 ad
1070 2646 1178 2680 quam
1206 2636 1235 2668 Β
1381 2647 1432 2669 20.
1470 2648 1560 2670 con-

117 2677 243 2711 stituas
268 2679 374 2713 ABn
399 2686 491 2721 (non
518 2679 568 2720 δ,
595 2679 694 2728 quod
715 2679 804 2714 dicit
832 2681 961 2724 Orell)
1077 2682 1268 2714 coustitui5
1297 2689 1320 2714 o·
1424 2685 1561 2718 consii-

115 2729 196 2760 tues
223 2725 254 2761 R
276 2727 374 2773 vulg.
512 2739 565 2762 21.
595 2729 801 2774 exemplum
827 2726 895 2762 hoc
922 2738 979 2774 ρσ
1043 2727 1113 2761 hoc
1141 2740 1205 2763 om.
1234 2727 1285 2763 ed.
1319 2730 1413 2774 1584.
1443 2741 1462 2766 ο
