1846 3178
183 347 242 391 21

283 140 361 199 40-
903 129 1111 173 ORATlo

282 273 384 324 que
417 272 473 304 eo
507 253 702 316 animo,
751 267 831 313 ut,
882 271 1236 324 quaecumque
1267 253 1468 304 dicendi
1506 253 1719 324 poteslas

282 351 402 387 esset
436 338 577 397 data,
614 338 668 386 in
702 336 895 384 honore
929 349 1082 409 atque
1109 337 1164 386 in
1189 337 1432 386 beneficio
1457 343 1718 406 ponerent·

281 423 387 469 Iam
421 420 517 469 hoc
551 435 708 487 prope
739 417 1050 484 iniquissime
1077 431 1424 486 comparatum
1452 431 1546 476 est,
1577 417 1719 486 quod

282 502 336 550 in
373 502 561 551 morbis
603 500 847 568 corporis,
901 512 961 548 ut
994 501 1208 567 quisque
1244 513 1314 549 est
1360 499 1717 561 difficillimus,

280 583 349 632 ita
387 581 610 631 medicus
645 581 984 630 nobilissimus
1009 595 1161 647 atque
1187 582 1407 649 optimus
1429 582 1745 649 quaeritur35

280 664 335 712 in
370 664 609 731 periculis
643 663 842 730 capitis,
879 675 939 711 ut
972 678 1206 729 quaeque
1242 681 1386 711 causa
1415 663 1717 712 difficillima

281 758 375 804 est,
414 745 480 793 ita'
515 743 816 792 deterrimus
849 743 1327 810 obscurissimusque
1360 757 1603 812 patronus
1625 742 1719 792 ad-

282 825 504 873 hibetur.
573 825 677 872 Nisi
712 824 841 872 forte
872 823 969 871 hoc
1002 841 1177 871 causae
1219 837 1314 885 est,
1362 823 1502 891 quod
1534 823 1718 872 medici

172 936 175 939 -
204 912 255 952 58
283 907 417 955 nihil
451 917 650 974 praetor
681 905 980 961 artificium,
1015 917 1233 952 oratores
1266 905 1417 953 etiam
1451 903 1721 954 auctorita*-

281 999 381 1036 tem
408 999 658 1055 praestare
689 985 886 1041 debent.
954 986 1154 1033 Citatur
1185 1003 1322 1046 reus3
1358 986 1530 1052 agitur
1549 979 1799 1056 causam)¹

278 1069 454 1136 paucis
487 1068 649 1115 verbis
683 1079 903 1123 accusat,
954 1079 1014 1112 ut
1049 1066 1110 1112 de
1144 1083 1197 1113 re
1233 1067 1480 1125 iudicata,
1516 1069 1720 1117 Cannu·

280 1149 393 1196 tius.
458 1147 647 1215 Incipit
681 1148 829 1212 longo
853 1159 902 1194 et
925 1149 1024 1194 alte
1052 1147 1207 1213 petito
1236 1147 1492 1214 prooemio
1519 1165 1722 1217 respon-

283 1229 400 1277 dere
434 1229 596 1276 maior
627 1229 874 1295 Cepasius.
943 1227 1111 1276 Primo
1146 1241 1335 1276 attente
1369 1229 1581 1277 auditur
1612 1230 1721 1279 eius

256 1376 260 1379 .
279 1310 453 1358 oratio.
519 1309 756 1375 Erigebat
783 1309 1013 1356 animum
1035 1309 1135 1356 iam
1157 1309 1424 1357 demissum
1447 1322 1498 1358 et
1520 1327 1722 1379 oppres-

277 1410 390 1440 sum
434 1384 774 1458 Ophianicus:
822 1390 1075 1456 gaudebat
1121 1391 1224 1458 ipse
1269 1391 1549 1453 Fabricius;
1614 1405 1776 1447 non15

282 1473 618 1539 intelligebat,
663 1473 854 1521 animos
899 1473 1127 1520 iudicum
1166 1490 1266 1520 non
1303 1472 1440 1522 illius
1471 1474 1722 1542 eloquen-

284 1556 378 1614 tia,
413 1554 498 1604 sed
533 1553 832 1602 defensionis
866 1554 1183 1621 impudentia
1218 1554 1532 1602 commoveri.
1587 1557 1723 1604 Post-

285 1654 501 1704 eaquam
535 1634 596 1682 de
633 1653 685 1683 re
710 1636 875 1703 coepit
899 1635 1087 1693 dicere,
1122 1634 1186 1683 ad
1214 1651 1294 1688 ea,
1329 1652 1460 1701 quae
1486 1647 1632 1684 erant
1663 1636 1720 1685 iu

281 1736 456 1772 causa,
492 1716 708 1765 addebat
739 1718 892 1765 etiam
925 1717 1027 1784 ipse
1062 1735 1188 1764 nova
1209 1714 1459 1783 quaedam
1483 1716 1718 1778 vulnera3

281 1811 366 1856 ut,
415 1816 726 1865 quamquam
761 1798 932 1846 sedulo
967 1798 1204 1856 faciebat,
1251 1811 1419 1846 tamen
1463 1796 1774 1846 interdumw

281 1898 385 1929 non
397 1879 679 1938 defendere,
689 1879 773 1927 sed
789 1879 1120 1947 praevaricari
1135 1878 1438 1928 accusationi
1449 1877 1718 1932 videretur,

283 1964 462 2029 ltaque
513 1980 673 2028 quum
725 1960 1040 2010 callidissime
1086 1978 1135 2010 se
1184 1961 1350 2009 dicere
1393 1973 1621 2030 putaret,
1668 1973 1721 2009 et

392 2081 431 2118 5.
457 2079 533 2119 hoc
561 2093 719 2134 quoque
746 2094 870 2134 prope
1008 2095 1075 2120 20.
1103 2080 1179 2119 hoc
1207 2094 1448 2134 quamquam
1565 2091 1630 2119 2¹.
1659 2079 1720 2118 vi·

392 2134 563 2174 debatur
1074 2147 1078 2149 “

379 2278 407 2301 ι.
455 2265 588 2313 animo]
617 2266 720 2301 modo
747 2267 762 2300 i
791 2266 891 2304 codd.
915 2279 970 2314 ap.
1000 2268 1129 2301 Graev.
1151 2278 1210 2306 ας
1342 2280 1373 2306 2,
1402 2271 1509 2311 atque
1534 2264 1650 2300 benef
1667 2274 1721 2300 αι

283 2316 317 2350 3.
355 2313 424 2348 hoc
458 2316 632 2359 propeII
674 2323 820 2359 praeter
845 2326 937 2355 1137
1094 2313 1162 2346 hoc
1208 2324 1353 2358 quoque
1399 2324 1510 2358 prope
1549 2312 1720 2355 ααδεζη

283 2372 380 2408 seqq.
549 2373 579 2405 7.
607 2362 868 2393 ‹lelex-rissimus
893 2361 922 2394 Β
983 2361 1015 2394 8.
1043 2360 1184 2393 Verba.-
1217 2359 1292 2392 Nisi
1321 2360 1414 2393 forte
1450 2379 1489 2387 —
1517 2378 1557 2384 —
1585 2358 1722 2392 debent

283 2408 455 2452 leguntur
479 2407 517 2439 in
545 2406 642 2440 ABb
667 2408 799 2450 (carry
824 2415 856 2440 et
880 2408 921 2440 in
943 2408 1106 2452 margine
1143 2405 1219 2440 cod.
1257 2408 1290 2440 S.
1319 2407 1407 2440 Vice.
1436 2406 1719 2452 ηθκλμνξοι

285 2466 360 2487 non
389 2461 533 2486 exstant
571 2454 611 2486 in
653 2453 1006 2499 Ιίαβγδεζπρστ
1202 2464 1250 2486 10.
1296 2453 1412 2497 agitur
1448 2463 1553 2486 causa
1588 2464 1655 2486 om.
1686 2453 1721 2486 A

281 2500 407 2544 paucis
433 2502 549 2543 agitur
574 2510 679 2532 causa
703 2500 822 2533 verbis
844 2500 874 2532 Β
1016 2510 1067 2533 ιι.
1106 2498 1143 2532 C.
1168 2498 1370 2532 Annuntius
1394 2500 1426 2532 A
1569 2510 1620 2536 ια.
1665 2497 1722 2583 etl

283 2557 324 2578 ac
348 2556 430 2584 αες
524 2546 598 2579 alto
621 2557 644 2576 α
728 2546 800 2578 late
825 2556 841 2577 ε
983 2548 1032 2580 13.
1070 2546 1181 2579 maior
1205 2556 1269 2578 om.
1293 2543 1693 2591 defghiklmnovd

286 2591 505 2626 audiebatur
529 2591 705 2631 Ιςίδεζς
802 2595 852 2636 14,
880 2593 971 2626 ratio
996 2603 1020 2624 α
1068 2591 1250 2625 dimissum
1276 2592 1396 2638 αὖρα
1492 2593 1542 2627 16.
1563 2589 1714 2638 animos]

284 2638 417 2670 amicos
443 2649 466 2669 a
567 2640 616 2675 ¹8,
643 2639 764 2682 coepit
789 2650 883 2672 omme
974 2650 1029 2672 20.
1059 2643 1098 2670 ut
1123 2639 1199 2672 AB
1245 2636 1314 2671 hoc
1336 2639 1406 2673 Ro
1498 2650 1553 2672 αι.
1579 2648 1726 2671 accusa·

284 2684 353 2716 tori
381 2683 456 2717 cod.
485 2684 615 2718 Franc.
643 2687 740 2730 θμξ
809 2685 1013 2719 defensioni
1044 2683 1140 2718 codd.
1168 2697 1224 2731 ap.
1248 2685 1367 2719 Lamb.
1401 2694 1452 2732 ρτ
1475 2684 1579 2719 uncie
1603 2683 1724 2719 inclu-

284 2739 430 2774 serunt,·
454 2741 518 2764 om.
545 2739 569 2763 σ
614 2730 794 2766 videretur
817 2732 886 2767 AB
930 2731 1118 2765 videbatur
1141 2732 1210 2766 Ro
