1846 3178
594 200 705 244 PRO
736 202 790 242 A.
823 201 1123 243 cLUENTio.
1519 207 1582 267 49

145 314 384 398 guiavem.
451 326 620 393 Atque
651 326 800 385 haec,
835 325 1045 385 iudices,
1089 341 1220 393 quae
1253 340 1367 372 vera
1404 322 1584 372 dicun-

146 418 235 460 tur
257 427 285 458 a
309 406 476 465 nobis,
511 406 712 456 facilius
734 405 967 464 credetis,
998 407 1039 455 si
1070 424 1188 454 cum
1212 404 1394 453 animis
1415 404 1585 451 vestris

142 490 296 557 iongo
331 489 599 538 intervallo
633 487 888 537 recordari
926 490 977 537 C.
1004 487 1193 538 Staieni
1226 487 1382 535 vitam
1415 497 1465 532 et
1500 502 1587 531 na*

144 582 317 621 ¹turam
349 570 623 620 volueritis,
690 571 820 619 Nam
860 568 1074 638 perinde
1119 580 1179 616 ut
1213 567 1388 636 opinio
1422 579 1494 614 est
1525 565 1587 613 de

119 655 392 722 5cuiusque
433 653 684 711 moribus,
719 654 791 702 ita
836 651 965 719 quid
985 652 1049 700 ab
1073 668 1130 699 eo
1156 650 1348 698 factum
1372 662 1463 697 aut
1483 666 1587 696 non

143 727 337 786 factum
369 737 456 796 sit,
490 735 762 784 existimari
795 745 969 796 potest.
1040 733 1218 796 Quum
1250 744 1373 780 esset
1419 748 1579 797 egens,
1616 730 1677 780 26

145 831 482 888 sumptuosus,
515 816 693 874 audax,
732 814 961 872 callidus,
996 813 1306 883 perfidiosus,
1340 827 1391 862 et
1423 832 1588 879 quum

147 899 287 950 domi
337 916 455 950 suae
498 897 808 947 miserrimus
851 897 907 945 in
961 897 1080 945 locis
1128 907 1210 956 [et]
1271 896 1587 954 inanissimis,

148 995 350 1032 tantum
385 995 717 1030 nummorum
750 978 974 1046 positum
1016 978 1233 1039 videret3
1279 977 1344 1026 ad
1388 995 1592 1026 omnem

98 1055 397 1113 tomalitiam
429 1073 480 1110 et
512 1060 746 1110 fraudem
766 1078 960 1110 versare
989 1074 1210 1110 mentem
1232 1078 1375 1108 suam
1398 1060 1586 1127 coepit:

146 1146 283 1212 „Ego
316 1140 432 1193 dem
464 1142 759 1192 iudicibus?
792 1143 920 1192 mihi
957 1143 1052 1211 ipsi
1082 1142 1252 1209 igitur,
1275 1155 1474 1210 praeter
1508 1159 1592 1210 pe-

149 1227 378 1276 rieulum
412 1239 462 1276 et
495 1225 783 1284 infamiam,
819 1222 948 1293 quid
981 1226 1294 1292 quaeretur?
1334 1224 1475 1272 Nihil
1511 1241 1592 1271 ex-

147 1309 378 1376 cogitem,
397 1308 730 1377 quamobrem
754 1307 1100 1376 Oppianicum
1130 1306 1363 1355 damnari
1399 1323 1591 1354 necesse

146 1389 243 1439 sit?
274 1387 404 1456 quid
438 1387 676 1437 tandem?
710 1388 843 1436 nihil
882 1387 1021 1436 enim
1054 1399 1138 1446 est,
1163 1387 1302 1454 quod
1339 1388 1447 1436 fieri
1487 1407 1593 1437 non

99 1470 318 1540 15p0ssit.
385 1469 434 1519 Si
471 1469 587 1537 quis
620 1487 739 1518 eum
771 1469 902 1517 forte
936 1486 1074 1518 casus
1117 1486 1177 1517 ex
1222 1471 1452 1537 periculo
1497 1471 1594 1518 eri-

146 1551 355 1619 puerit,
404 1566 578 1599 nonne
627 1547 947 1598 reddendum
994 1550 1101 1598 est?
1166 1551 1594 1619 Praecipitantem

151 1633 310 1700 igitur
342 1632 676 1701 impellamus,
695 1631 891 1698 inquit,
928 1644 977 1680 et
1013 1630 1276 1700 perditum
1308 1646 1593 1700 prosterne⁶

266 1779 304 1804 1.
334 1778 430 1804 vere
570 1762 610 1805 5.
641 1771 680 1805 et
718 1774 800 1804 non
945 1778 1002 1804 ιι.
1032 1762 1186 1804 Demne
1223 1766 1454 1805 iudicibus?
1494 1767 1594 1806 mihi

262 1820 388 1874 igitur
416 1818 492 1873 ipsi
611 1821 672 1864 13.
706 1819 930 1874 Oppianico
1032 1821 1090 1870 14.
1123 1823 1191 1875 qui
1225 1822 1418 1860 tandem?

247 1952 275 1975 ι.
301 1952 387 1976 vera
414 1942 482 1976 AB
528 1953 612 1976 vere
637 1942 706 1977 Ro
856 1943 887 1987 4.
912 1941 1065 1988 proinde
1091 1944 1111 1983 ξ
1275 1944 1305 1979 5.
1346 1945 1594 1995 cuiuscunque

149 1991 202 2021 αε
367 1994 431 2022 aut.
478 1985 549 2022 AB
595 1995 632 2023 et
677 1991 758 2024 ΒΟ.
924 1992 955 2024 8.
991 1991 1211 2024 miserrimus
1247 1993 1284 2025 in
1318 1993 1405 2026 locis
1447 1996 1483 2028 et
1515 1998 1594 2029 ina-

151 2035 312 2070 nissimis
347 2035 532 2069 Biklmo
557 2037 611 2077 (si
634 2045 728 2070 recte
753 2045 936 2070 enotatum
963 2046 1035 2071 est.-
1061 2037 1103 2071 de
1129 2051 1202 2086 qua
1241 2051 1278 2072 re
1320 2050 1450 2081 magno
1487 2048 1593 2089 oper-e·

147 2079 292 2124 dubit03
331 2091 414 2115 nam
453 2091 500 2123 n,
526 2084 591 2129 qui
617 2083 752 2136 ubique
769 2083 857 2130 fiere
879 2095 955 2116 cum
984 2086 1095 2121 02:072.
1119 2099 1139 2119 ο
1166 2078 1426 2127 εοιιεεηιίε,7ι.
1450 2089 1463 2120 ἰ
1526 2093 1593 2122 mi—

149 2130 307 2163 serrimis
331 2129 488 2168 exhibet)
514 2140 539 2173 γ
563 2131 773 2163 miserrimis
799 2132 837 2164 in
861 2131 949 2164 locis
974 2137 1012 2165 ct
1047 2133 1267 2166 inanissimis
1299 2133 1594 2182 Adefghnpr·

150 2182 265 2209 ttuv
289 2172 389 2210 codd.
417 2177 449 2210 S.
475 2176 555 2209 Vict
592 2177 670 2210 Pal.
696 2179 728 2212 6.
754 2178 899 2211 Lallem.
928 2179 1014 2223 ξορ
1033 2188 1089 2212 στ
1184 2173 1405 2214 miserrimus
1445 2188 1481 2215 et
1516 2185 1594 2214 iun-

149 2221 320 2257 nissimus
357 2234 379 2256 a
394 2221 414 2254 I>
429 2233 447 2254 c
459 2235 481 2270 q
495 2221 546 2262 δζ
562 2235 576 2255 ι
591 2235 612 2256 κ
625 2224 644 2256 λ
656 2235 716 2268 μν
730 2234 760 2257 π
884 2236 996 2269 quum
1050 2226 1148 2259 domi
1188 2227 1407 2260 miserrimus
1452 2235 1594 2262 tantum

150 2271 232 2312 αβε
330 2279 381 2303 ιο.
408 2280 507 2302 suam
535 2275 695 2303 mentem
731 2269 799 2304 AB
893 2277 1049 2305 mentem
1082 2284 1182 2314 suam
1216 2273 1306 2306 hacc
1339 2286 1460 2308 secum
1497 2277 1594 2321 cogi-⁴

149 2320 230 2348 tans
254 2317 376 2361 coepit
399 2318 678 2363 νυαεικλμνξ
819 2330 838 2359 η
864 2318 959 2352 hunc
982 2319 1111 2360 locum,
1135 2328 1220 2353 teste
1248 2322 1406 2362 Orellio,
1442 2324 1494 2356 sic
1531 2337 1593 2355 cx-

150 2360 269 2396 hibete
306 2374 416 2408 quum
453 2363 552 2396 domi
586 2374 672 2397 suae
705 2365 928 2398 miserrimus
964 2371 1104 2400 tantum
1141 2379 1370 2402 nummorum
1417 2380 1493 2413 pos.
1521 2369 1590 2403 vid.

149 2407 196 2442 nd
219 2419 362 2443 omnem
386 2410 563 2444 malitiam
600 2415 636 2444 et
669 2410 711 2445 fr.
739 2422 826 2444 vers.
853 2423 951 2445 suam
976 2419 1134 2447 mentem
1161 2415 1199 2448 in
1225 2415 1312 2448 locis
1346 2420 1382 2448 et
1417 2417 1590 2450 inanissi-

150 2455 218 2488 mis
241 2457 388 2501 coepitz
415 2457 545 2504 quidni
569 2458 739 2492 tandem?
809 2458 900 2492 mihi
926 2461 1035 2505 igitur
1062 2461 1132 2505 ipsi
1160 2482 1206 2487 -
1231 2481 1270 2488 -
1323 2462 1483 2495 damnari
1515 2476 1589 2499 non

150 2510 295 2536 necesse
319 2504 378 2538 sit.
426 2504 522 2538 llaec
548 2514 669 2539 secum
691 2506 870 2548 cogitans,
899 2507 1049 2541 iudices.
1109 2507 1210 2541 Nihil
1247 2509 1343 2551 enim
1378 2514 1448 2547 est,
1489 2511 1590 2555 quod

149 2547 228 2598 fleg-i
251 2559 325 2583 non
350 2551 472 2595 possit.
645 2554 767 2597 coepit
798 2561 863 2587 om.
912 2555 943 2587 Α
1026 2566 1074 2587 ιι.
1103 2555 1175 2597 Ego
1209 2554 1290 2588 dem
1327 2556 1541 2599 Bb'fcorr‘)
1564 2565 1588 2591 α·

149 2603 212 2648 9ο)
241 2605 284 2641 go
312 2595 393 2631 dem
417 2598 448 2631 A
475 2596 608 2639 (deleto
642 2603 705 2640 eo)
729 2598 862 2634 deinde
910 2612 934 2634 α.
980 2600 1082 2635 deme
1109 2602 1139 2635 R
1163 2611 1179 2633 ε
1236 2601 1364 2636 demne
1395 2604 1493 2649 vulg.

150 2650 189 2674 ιιι
233 2652 290 2675 σεο
313 2653 366 2677 αε
461 2645 531 2690 ipsi
556 2647 667 2689 igitur
690 2647 758 2680 ΑΒ
838 2646 948 2692 igitur
972 2647 1043 2692 ipsi
1079 2648 1153 2681 Ro
1260 2661 1311 2682 12.
1343 2658 1539 2694 quaeratur
1565 2663 1590 2683 m

151 2685 280 2734 δζκμ,
389 2688 439 2728 13.
474 2691 717 2736 Oppianicum
755 2694 822 2727 AB
883 2693 1086 2739 Oppianico
1124 2695 1196 2728 Ro
1315 2699 1364 2739 ¹4·
1391 2696 1479 2742 qnid
1517 2697 1590 2731 AB

152 2732 318 2783 behmq'
343 2737 406 2783 qui
431 2739 499 2772 Ro
522 2749 594 2771 non
620 2740 696 2773 {ieri
725 2741 799 2774 AB
874 2743 922 2776 15.
938 2747 1058 2787 posset
1088 2740 1587 2791 abcdesghmpqrstuv

151 2779 271 2822 αδεζ
369 2784 421 2821 ιδ.
445 2784 671 2820 reddundum
698 2787 768 2821 AB
