1846 3178
687 149 934 191 cmTch.
1445 153 1533 218 ¹57

144 286 147 289 “
198 289 268 318 :u-
296 247 419 318 ilvmo
434 273 524 314 'sibi
553 266 817 331 quaerendum
846 271 1066 312 remedium
1091 270 1362 325 existimavit]
1401 272 1539 314 Domo

89 355 322 404 comptum
333 347 494 388 videtur
504 345 677 396 Orelfio,
687 347 756 401 qui
770 359 921 401 quoquo
934 343 1051 383 modo
1067 341 1279 395 legendum
1296 356 1379 382 esse
1388 353 1541 385 censet.·

87 419 179 461 Cur
199 418 395 461 tandem?
448 417 560 458 Nihil
589 417 772 458 acerbius
799 417 878 456 dici
910 416 1041 469 potuit
1076 414 1126 454 ad
1154 413 1349 453 nefarium
1380 415 1537 469 Oppia-

87 491 173 532 οἱοὶ
192 489 407 532 ¹eonsilium
434 490 652 544 ignominia
681 488 922 539 notandum,
953 501 1075 541 quam
1112 485 1144 524 si
1183 485 1346 525 caedem
1385 483 1535 526 libero-

27 568 29 570 ’
87 577 178 606 rum
209 562 322 617 quasi
349 562 603 602 domesticum
631 563 717 601 eius
747 559 968 600 remedium
998 556 1187 612 appellat.
1234 557 1377 611 Neque
1403 565 1535 599 sextus

85 626 431 675 cubus-offendere
457 640 612 688 potest:
644 646 738 672 nam
770 631 952 671 similiter
979 629 1131 669 dictum
1158 636 1232 677 est,
1260 636 1306 669 ut
1334 629 1437 669 illud
1466 644 1536 670 su·

84 709 174 761 pra.
203 718 242 746 c.
271 721 310 747 ².
339 705 392 746 6:
423 705 458 745 si
487 705 546 745 ad
571 717 714 744 causas
744 703 900 743 iudicia
938 704 1026 741 iam
1056 702 1189 752 ficeta
1227 701 1347 740 domo
1382 701 1534 754 cifim-

61 784 63 786 ’
87 782 195 827 νέως
227 785 268 818 et
294 776 404 817 Phil.
429 777 464 816 Ι.
495 791 533 817 c.
570 791 631 817 10.
665 775 745 828 24:
776 775 870 814 haec
898 788 988 822 ιιηο,
1018 786 1157 812 verum
1184 773 1334 827 optimo
1369 781 1534 813 auctore

83 847 202 889 domo
222 849 387 905 prolata
416 847 676 902 defendimus·

197 934 280 971 20,
317 920 382 962 18.
408 935 477 976 spe
503 921 649 976 optime
677 919 932 975 empsit-mato:
962 915 1070 970 vulg.
1116 916 1295 971 optima:
1336 913 1404 953 sed
1450 928 1532 954 non

83 999 166 1032 tam
194 999 346 1047 quauta
372 1005 573 1047 quamque
605 992 734 1030 fausta
760 992 840 1029 iam
868 1002 1027 1042 sperare
1053 987 1229 1041 potuerit
1245 987 1389 1033 Sassia,
1408 1000 1533 1039 quae-

82 1065 215 1104 ritur:
245 1064 316 1104 sed
343 1064 428 1118 ipsa
459 1077 582 1102 unam
608 1068 767 1101 tantum
798 1068 837 1100 et
863 1067 1013 1099 certam
1041 1073 1176 1113 spem,
1207 1057 1357 1098 scilicet
1388 1056 1532 1111 ampli-

82 1137 164 1176 oris
198 1136 455 1184 hereditatis,
505 1135 719 1189 Oppianici
757 1133 894 1173 liberis
931 1133 1206 1186 interemptis,
1253 1130 1416 1170 fovebat
1438 1160 1450 1182 ,
1493 1139 1534 1171 et

81 1220 192 1246 nuuc
217 1206 396 1261 quidem,
413 1213 641 1261 perpetrata
668 1205 804 1253 caede,
831 1205 907 1244 hac
938 1217 1008 1257 spe
1034 1204 1216 1242 animum
1243 1217 1360 1243 suum
1381 1204 1532 1259 optime

80 1276 363 1318 confirmatum
390 1279 516 1319 videt.

88 1372 95 1380 ·
158 1374 161 1376 -
191 1363 258 1390 20.
289 1350 352 1390 ita
380 1350 489 1405 quod
512 1348 653 1405 ceteri]
684 1351 741 1389 sic
769 1349 922 1389 habent
949 1348 1066 1388 codd.
1103 1347 1237 1401 plures
1265 1353 1305 1386 et
1344 1346 1531 1387 meliores

79 1427 122 1460 et
147 1419 240 1460 edd.
277 1422 483 1475 antiquae,
512 1421 622 1475 quod
650 1435 674 1460 a
700 1421 928 1461 novissimis
967 1418 1187 1459 editoribus
1203 1450 1216 1470 ,
1247 1418 1299 1458 ab
1325 1418 1530 1470 Ernestio,

79 1493 143 1531 cui
170 1492 280 1548 quod
303 1493 484 1548 spurium
514 1492 740 1543 videbatur,
760 1507 784 1532 a
811 1493 1016 1540 Schiitzio‚
1052 1493 1150 1545 qui:
1174 1506 1358 1545 quum—
1376 1491 1532 1532 soleant

78 1564 271 1619 reposuit,
287 1571 330 1604 et
352 1564 406 1604 ab
434 1564 606 1616 Orellio,
624 1566 694 1619 qui
721 1566 859 1620 itaque
886 1565 1007 1603 ceteri
1022 1563 1224 1617 praetulit,
1245 1577 1328 1602 non
1357 1561 1530 1602 debebat

78 1635 252 1676 turbari.
290 1634 356 1676 llli
385 1636 492 1676 enim
518 1650 658 1676 omnes
685 1650 768 1675 non
800 1634 1058 1675 attenderunt
1085 1634 1136 1673 ad
1167 1648 1260 1673 eum
1281 1648 1399 1673 usum
1429 1647 1528 1673 con·-

77 1706 294 1747 iunctionis
329 1708 451 1764 quod,
493 1721 575 1762 quo
623 1706 675 1747 ad
724 1707 1000 1761 exponendam
1048 1706 1300 1746 diversarum
1339 1707 1446 1745 inter
1487 1720 1529 1745 se

76 1781 254 1838 partium
307 1781 599 1834 oppositionem
654 1779 904 1830 adhibetur3
946 1780 1118 1818 maxime
1166 1777 1239 1817 uhi
1267 1792 1315 1818 ex
1359 1791 1528 1816 numero

76 1851 216 1906 aliquo
243 1853 363 1891 ceteri
385 1858 649 1906 opponuntur
676 1853 750 1891 uni
775 1858 846 1891 aut
867 1851 1028 1906 paucis,
1061 1850 1130 1904 qui
1163 1850 1257 1889 inde
1283 1850 1528 1888 eximuntur.

77 1921 166 1962 Hac
197 1921 338 1962 eadem
367 1923 522 1962 ratione
549 1921 657 1961 infra
682 1936 720 1961 c.
747 1921 815 1976 67.
855 1935 943 1976 ¹9⁰·
974 1935 1071 1961 vera
1099 1919 1177 1959 loci
1213 1921 1368 1972 forma,
1404 1934 1528 1974 quam

75 2008 122 2034 ex
163 1993 283 2034 codd.
322 1995 593 2044 restituemus,
633 1993 733 2033 haec
774 2000 854 2032 est:
920 1992 987 2032 Ita
1027 1993 1136 2048 quod
1168 1991 1279 2047 apud
1305 2001 1449 2032 ceteros
1477 2013 1529 2024 --

73 2066 316 2122 saepefieri
342 2066 526 2106 divortia
553 2066 755 2106 videmus:
779 2067 875 2104 haec
901 2066 1045 2104 mulier
1068 2071 1163 2104 cett.
1194 2065 1291 2103 item
1318 2078 1394 2117 pro
1413 2064 1448 2102 F
1450 2078 1525 2103 on-

74 2139 155 2179 teio
184 2153 220 2179 c.
248 2152 291 2193 9.
323 2151 376 2178 20
397 2152 410 2177 ε
444 2138 565 2193 Quod
584 2147 738 2177 ceterae
756 2152 835 2193 pro
878 2138 1133 2190 religionibus
1168 2137 1249 2176 suis
1283 2136 1386 2174 bella
1413 2137 1527 2176 susci-

70 2210 211 2267 piunt,
243 2210 344 2248 istae
370 2218 510 2250 contra
539 2211 714 2250 omnium
742 2211 961 2262 religiones.

185 2294 255 2330 αι,
291 2295 332 2321 2.
358 2281 588 2334 iucundam]
646 2282 834 2335 Optimos
858 2282 983 2321 libros
1015 2281 1172 2335 sequuti
1200 2280 1406 2335 vulgatam
1435 2284 1527 2322 scri·

28 2406 34 2411 .
74 2361 236 2409 pturam
279 2355 485 2394 iucundius
531 2355 800 2403 deseruimus,
832 2362 884 2404 et,
918 2357 1018 2404 iure,
1050 2356 1209 2408 opinor.
1268 2354 1368 2393 Nam
1415 2355 1524 2409 quod

73 2425 235 2481 Sylvius
277 2424 378 2466 olim
418 2425 533 2476 dixit,
570 2433 610 2465 et
638 2425 782 2479 reliqui
809 2426 980 2465 editores
1010 2425 1199 2479 probasse
1230 2425 1432 2474 videntur,
1461 2427 1524 2465 ἰα-

71 2497 236 2538 cundius
278 2496 534 2537 referendum
577 2512 661 2537 esse
706 2497 756 2536 ad
794 2498 1032 2552 cupidiores,
1075 2496 1115 2535 id
1157 2511 1297 2535 verum
1326 2510 1408 2536 non
1437 2503 1522 2538 est:

72 2568 186 2609 nulla
225 2576 328 2610 esset
360 2570 466 2609 inter
511 2576 732 2622 utrumque
780 2568 1124 2622 comparativum,
1165 2569 1196 2606 si
1227 2567 1522 2618 admitteretur,

72 2640 330 2681 coniunctio:
361 2655 456 2680 nam
498 2641 551 2680 ad
591 2640 789 2680 alterum:
830 2641 1052 2696 cupidiores
1095 2639 1398 2692 intelligendum
1440 2647 1521 2680 est:

70 2724 192 2769 quam
221 2713 304 2753 alii
321 2714 595 2769 homine5‚qui
615 2712 758 2752 liberos
776 2727 854 2752 non
883 2713 1049 2760 habeam
1077 2712 1197 2765 idque
1229 2713 1523 2752 excusationem
