1846 3178
567 136 681 195 mio
714 152 770 194 A.
802 150 1106 195 eLUENTm.
1490 159 1516 206 3
1529 173 1548 206 ι

0 220 22 240 l

110 277 413 346 intelligetis,
458 278 715 329 Martiales
736 278 949 348 quidam
964 278 1139 329 Larini
1163 277 1557 349 appellabantur
1594 275 1650 323 15

0 373 19 465 ν
108 359 329 421 ministri
363 358 563 428 publici
581 361 780 421 Martis,
817 374 974 429 atque
1005 361 1053 410 ei
1082 359 1177 410 deo
1202 361 1456 410 veteribus
1478 362 1556 412 in-

107 440 297 494 stitutis
319 441 754 512 religionibusque
766 443 1087 494 Larinatium
1107 443 1406 494 consecrati:
1431 462 1557 512 quo-

105 542 227 575 rum
258 542 425 593 quum
456 526 573 577 satis
599 545 812 596 magnus
838 544 1082 577 numerus
1107 539 1253 590 esset‚-
1289 543 1558 595 quumque

79 606 254 666 εἰιεῐιι,
288 618 351 657 ut
383 608 442 657 in
475 609 647 659 Sicilia
682 608 927 678 permulti
961 609 1150 659 Veneri
1184 620 1327 668 sunt,
1373 608 1444 657 sic
1478 607 1556 657 illi

102 688 283 739 Larini
326 689 384 738 in
418 689 598 739 Martis
641 689 837 738 familia
881 700 1302 739 numerarentur:
1351 702 1559 760 repente

104 757 447 840 Oppianicus,
500 789 581 823 eos
627 790 800 823 omnes
846 773 1032 823 liberos
1064 790 1163 822 esse
1196 772 1430 835 civesque
1464 778 1561 825 Ro·

101 872 302 911 manos,
350 854 518 924 coepit
551 853 834 904 defendere.
902 854 1140 905 Graviter
1172 854 1228 903 id
1262 855 1560 908 decuriones

100 937 426 988 larinatium
451 937 729 1006 cunctique
748 937 1034 1007 municipes
1061 938 1309 990 tulerunt.
1377 943 1558 1008 Itaque

52 1019 169 1077 mab
201 1020 393 1070 Habito
441 1020 758 1090 petiverunt,
792 1032 854 1070 ut
897 1037 1008 1069 eam
1041 1039 1243 1071 causam
1282 1024 1556 1093 susciperet

99 1102 414 1172 publiceque
436 1101 746 1154 defenderet.
811 1104 1032 1154 Habitus
1061 1124 1226 1174 quum
1249 1123 1300 1156 se
1325 1106 1390 1156 ab
1413 1105 1554 1156 omni

98 1184 350 1239 eiusmodi
382 1186 586 1254 negotio
620 1188 932 1248 removisset,
970 1200 1141 1238 tamen
1165 1207 1261 1257 pro
1288 1189 1426 1248 lucc,
1460 1206 1557 1257 pro

97 1266 408 1335 antiquitate
436 1269 638 1338 generis
670 1271 774 1331 sui,
810 1289 905 1341 pro
940 1288 1024 1333 eo,
1059 1271 1202 1340 quod
1234 1289 1285 1322 se
1318 1290 1424 1322 non
1455 1273 1558 1323 suis

97 1350 265 1400 solum
298 1369 482 1410 comm*
537 1353 604 1411 is,
651 1352 738 1402 sed
771 1354 925 1403 etiam
972 1372 1186 1404 suorum
1229 1354 1558 1424 municipum
1594 1374 1598 1378 ⁴

50 1445 461 1503 15oeterorumqu
511 1465 514 1467 -
656 1435 931 1486 ssariorum
976 1449 1158 1486 natum
1199 1453 1299 1486 esse
1340 1436 1561 1486 arbitra-

97 1514 275 1574 batur,
328 1527 499 1566 tantae
541 1517 796 1568 voluntati
842 1519 1199 1568 universorum
1231 1519 1553 1568 Larinatium

98 1593 262 1646 deesse
295 1596 481 1646 noluit.
557 1599 793 1667 Suscepta
826 1617 974 1649 causa
1008 1602 1322 1668 Romamque
1355 1601 1542 1661 delata,
1572 1615 1628 1664 44

94 1695 308 1746 magnae
357 1678 590 1746 quotidie
639 1682 988 1732 contentiones
1035 1682 1172 1731 inter
1203 1683 1454 1734 Habitum
1500 1697 1551 1735 et

96 1761 447 1832 Oppianicum
478 1779 541 1814 ex
571 1766 843 1834 utriusque
876 1766 1046 1816 studio
1082 1765 1387 1817 defensionis
1420 1768 1551 1816 exci-

43 1840 355 1896 notabantur.
437 1848 562 1925 Erat
617 1848 722 1917 ipse
769 1848 981 1898 immani
1030 1849 1313 1917 acerbaque
1362 1863 1548 1899 natura

98 1927 430 1998 Oppianicus.
495 1928 807 1979 Incendebat
840 1930 948 1979 eius
977 1930 1254 1980 amentiam
1273 1931 1452 1980 infesta
1477 1943 1552 1980 at-

94 2028 198 2080 que
231 2012 443 2062 inimica
477 2012 584 2062 filio
618 2026 780 2062 mater
813 2013 1005 2063 Habiti.
1071 2014 1245 2082 Magni
1279 2026 1450 2063 autem
1469 2014 1546 2062 illi

93 2109 184 2143 sua
216 2093 453 2146 interesse
484 2095 899 2156 arbitrabantur,
934 2096 1077 2147 hunc
1111 2116 1140 2146 a
1173 2115 1320 2148 causa
1340 2096 1548 2147 Martia-

203 2270 245 2314 5.
276 2271 448 2313 Venerei

189 2437 216 2460 ι.
242 2424 391 2472 quidem
416 2425 507 2460 Bbc
565 2423 846 2471 appellabantur
876 2425 956 2461 Lar.
982 2422 1036 2464 ὼε
1177 2439 1208 2463 2.
1235 2428 1270 2462 ei
1295 2426 1378 2475 deo]
1407 2428 1490 2463 ideo
1510 2429 1542 2463 A

93 2471 228 2508 adeoB
300 2473 331 2518 4.
386 2484 430 2506 ue
453 2472 608 2507 om.AB
709 2474 740 2507 5.
766 2478 806 2506 ut
826 2471 1262 2521 otu-bedefgklrstu
1309 2475 1412 2522 item]
1431 2477 1480 2509 ita
1502 2475 1543 2515 dc

92 2518 226 2555 Veneri
249 2520 354 2555 ABa
400 2531 426 2553 v
474 2518 605 2554 veneni
631 2532 655 2553 n
669 2532 690 2554 ο
737 2519 885 2555 Venerii
906 2529 1084 2567 cpstuv
1139 2521 1296 2556 Venerei
1321 2523 1394 2556 Ro
1417 2527 1543 2570 (prae-

95 2574 153 2600 ter·
175 2570 216 2611 ιζ)
356 2579 392 2613 9.
418 2568 627 2601 Larinatum
655 2580 676 2601 α
693 2566 777 2600 biv
893 2566 1103 2616 cunctique]
1132 2570 1312 2616 multique
1334 2581 1390 2603 ηο
1483 2576 1564 2614 ιιι-χ

94 2612 214 2647 letant
240 2626 299 2648 no
469 2626 522 2650 ιι.
563 2625 634 2659 que
661 2627 727 2647 οηι.
752 2612 1102 2661 desghprstudc
1176 2628 1214 2650 se
1239 2629 1304 2650 om.
1332 2627 1354 2649 κ
1458 2651 1460 2653 ,
1491 2619 1542 2652 13.

93 2670 132 2694 se
156 2672 223 2708 om.
246 2660 293 2696 B*
369 2662 486 2695 solum
513 2661 584 2694 suis
612 2659 1040 2708 desgrstudecxzpa
1154 2664 1206 2708 14.
1234 2663 1351 2696 solum
1379 2661 1544 2699 om.'AB

93 2708 145 2742 in
160 2709 181 2741 o
229 2708 468 2754 municipium
484 2706 578 2743 Bdo
593 2720 613 2742 r
727 2747 730 2750 ⁴
756 2709 808 2746 15.
838 2710 1121 2744 necessariorum
1148 2723 1215 2745 om.
1231 2711 1262 2745 B
1384 2715 1434 2747 16.
1461 2717 1543 2744 tan-

91 2753 166 2834 ἷξε]
195 2761 301 2789 antea
324 2756 396 2789 ΑΒ
521 2756 571 2790 18.
597 2754 833 2802 quotidianae
855 2767 888 2789 m
995 2768 1049 2792 αι.
1076 2757 1211 2792 infesta
1235 2757 1359 2808 atque]
1386 2759 1542 2793 infesta-

119 2807 230 2850 atque
254 2810 360 2836 rstu
