1846 3178
221 1842 273 1897 43

303 164 373 217 30.
911 162 1120 206 ORATIO

295 280 664 337 iudicaverunt.
711 288 840 338 Cum
863 287 952 337 illo
978 305 1126 358 nemo
1149 288 1250 338 iam
1275 290 1544 351 rationem,
1580 289 1738 343 nemo'

298 386 407 419 rem
438 370 598 419 ullam
631 369 981 419 contrahebat:
1014 347 1166 420 fiemo
1201 371 1350 421 illum
1382 389 1442 422 ex
1469 384 1572 423 tam
1599 373 1737 429 mul-2

299 452 362 503 tis
392 452 612 519 cognatis
644 463 696 501 et
737 451 977 502 affinibus
1021 464 1240 502 tutorem
1281 471 1527 522 umquam
1559 454 1731 504 liberis

296 535 397 585 suis
428 534 647 602 scripsit:
684 551 831 582 nemo
866 534 1015 583 illum
1046 533 1211 592 aditu,
1246 551 1394 584 nemo
1428 536 1731 603 congressio-

297 634 386 679 ne,
419 633 567 665 nemo
601 633 849 674 sermone,
898 633 1045 664 nemo
1080 614 1305 664 convivio
1343 615 1555 683 dignum
1588 617 1759 667 iudi-5

299 697 455 747 cavit:
502 715 676 747 omnes
707 697 1130 766 aspernabantur,
1165 714 1335 746 omnes
1365 697 1733 758 abhorrebant,

302 796 497 838 omnes,
541 791 602 828 ut
633 780 858 847 aliquam
893 779 1165 828 immanem
1197 796 1256 828 ac
1286 780 1616 847 perniciosam
1648 781 1736 830 be-

301 860 448 909 stiam
469 871 758 929 pestemque
785 859 1058 926 fugiebant.
1106 860 1259 908 Hunc
1283 872 1451 909 tamen
1476 859 1736 910 hominem

302 955 406 993 tam
428 941 696 999 audacem,
718 952 819 989 tam
842 941 1118 1001 nefarium,
1145 953 1247 991 tam
1270 954 1560 1000 nocentem,
1587 958 1739 991 numd

298 1042 455 1093 quam
500 1035 767 1072 accusasset
808 1022 1050 1082 Habitus,
1095 1019 1306 1082 iudices,
1352 1023 1393 1073 si
1429 1023 1483 1072 id
1514 1036 1817 1092 praeter-10¹

297 1107 522 1165 mittere,
572 1105 704 1154 salvo
750 1105 914 1173 capite
955 1123 1072 1165 suo,
1127 1106 1379 1174 potuisset.
1445 1106 1568 1155 Erat
1610 1105 1735 1154 huic

296 1187 536 1237 inimicus
569 1187 904 1256 Oppianicus:
949 1199 1078 1237 erat:
1123 1187 1208 1236 sed
1242 1199 1411 1237 tamen
1442 1198 1552 1236 erat
1581 1186 1739 1237 vitri-

297 1287 409 1319 cus:
437 1267 654 1318 crudelis
675 1281 726 1317 et
749 1269 871 1318 huic
898 1268 1075 1317 infesta
1101 1281 1283 1317 mater:
1313 1280 1535 1318 attamen
1558 1280 1737 1318 mater,

296 1352 553 1400 Postremo
579 1349 711 1399 nihil
737 1361 840 1398 tam
865 1362 1114 1398 remotum
1135 1349 1199 1397 ab
1218 1350 1552 1409 accusatione,
1577 1367 1735 1418 quam

296 1429 586 1490 Cluentius,
630 1442 682 1480 et
715 1443 897 1480 natura
932 1444 983 1480 et
1013 1431 1273 1494 voluntate
1306 1440 1357 1479 et
1387 1429 1620 1481 instituta
1653 1433 1788 1481 νει-15

295 1512 436 1563 tione
479 1511 624 1560 vitae.
690 1511 786 1560 Sed
831 1529 995 1578 quum
1040 1523 1160 1560 esset
1193 1510 1316 1559 haec
1366 1510 1444 1558 illi
1478 1512 1738 1581 proposita-

296 1592 548 1651 conditio,
583 1604 645 1641 ut
667 1605 758 1641 aut
783 1592 910 1640 iuste
934 1591 1120 1659 pieque
1147 1605 1421 1651 accusaret,
1442 1605 1533 1642 aut
1555 1593 1738 1642 acerbe-

296 1675 608 1743 indigneque
652 1685 936 1723 moreretur
946 1695 960 1735 3
1017 1691 1271 1733 accusare,
1329 1692 1537 1742 quoquo
1581 1673 1735 1726 modo
1779 1723 1783 1725 ,

297 1770 483 1827 posset,
516 1775 672 1823 quam
706 1756 796 1804 illo
830 1754 979 1804 modo
1012 1756 1192 1814 emori,
1226 1756 1422 1805 maluit.

432 1840 620 1906 Atque,
655 1848 715 1885 ut
750 1835 845 1885 hoc
877 1835 947 1884 ita
980 1852 1078 1884 esse
1106 1836 1383 1904 perspicere
1406 1836 1622 1905 possitis,
1655 1853 1790 1888 ex-no

301 1939 491 1990 ponam
525 1919 662 1968 vobis
687 1917 959 1987 Oppianici
993 1917 1188 1966 facinus
1215 1918 1478 1968 manifesto
1511 1935 1735 1987 comper·-

302 2015 414 2051 tum
445 2014 598 2069 atque
627 2000 1018 2069 deprehensum:
1055 2016 1114 2047 ex
1137 2017 1240 2066 quo
1265 2000 1414 2048 simul
1440 2011 1731 2065 utrumque,

300 2096 351 2134 et
383 2084 506 2132 huic
538 2098 790 2140 accusare,
827 2093 877 2130 et
899 2081 977 2129 illi
1004 2080 1331 2131 condemnari
1358 2097 1547 2130 necesse
1568 2080 1730 2140 fuisse,

416 2259 451 2284 1.
486 2245 565 2283 iam
591 2257 708 2283 nemo
843 2241 880 2283 5.
906 2241 1108 2283 iudicabat
1215 2257 1278 2286 20.
1306 2251 1351 2284 ut
1379 2243 1476 2284 haec
1502 2244 1559 2284 ita
1666 2243 1731 2287 25.

409 2299 526 2339 illum

399 2447 429 2469 1.
451 2445 557 2467 nemo
582 2434 654 2467 iam
680 2433 748 2468 AB
802 2433 874 2467 iam
896 2443 1000 2466 nemo
1025 2432 1097 2468 ΒΟ
1213 2432 1246 2477 4.
1273 2434 1397 2468 auditu
1426 2435 1457 2470 B
1580 2437 1614 2471 5.
1632 2438 1730 2471 iudi-

307 2483 401 2517 cavit
422 2482 494 2515 AB
539 2480 725 2514 iudicabat
747 2480 817 2514 Ro
936 2492 965 2524 7.
994 2482 1052 2523 ac]
1078 2485 1186 2524 atque
1213 2489 1268 2513 αε
1383 2493 1415 2526 9,
1440 2487 1513 2515 tam
1536 2486 1639 2525 (ante
1663 2496 1731 2518 au-

307 2530 450 2570 dacem)
476 2528 582 2561 om.B
606 2529 755 2573 (pram)
779 2525 891 2572 defg
944 2537 993 2559 ιο.
1020 2527 1226 2570 permittere
1251 2527 1282 2561 B
1334 2540 1382 2563 ιι.
1402 2539 1465 2562 suo
1491 2530 1588 2563 salvo
1614 2533 1730 2574 capite
1773 2531 1776 2535 “

305 2576 378 2610 AB
476 2585 523 2607 12.
547 2574 651 2619 prius
677 2578 753 2606 erat
777 2584 841 2605 om.
866 2573 896 2606 B
919 2575 989 2617 (pr.
1016 2577 1081 2613 m.)
1105 2572 1448 2620 defgade'Qo‘t
1521 2577 1569 2610 ¹3.
1595 2581 1630 2608 at
1656 2589 1732 2610 ma-

305 2627 361 2655 ter
372 2622 439 2654 AB
485 2626 522 2653 et
545 2626 620 2653 tum
644 2626 757 2652 mater
775 2630 798 2650 a
856 2618 906 2653 15.
923 2619 1153 2652 institutione
1178 2622 1272 2654 vitae
1291 2620 1340 2654 bc
1391 2622 1439 2655 16.
1455 2621 1512 2655 illi
1528 2624 1730 2670 om.B-(pr.

306 2672 370 2710 m.)
394 2675 543 2713 cqasg·
591 2666 624 2698 ei
651 2664 1020 2712 Abefghiknovq
1129 2679 1180 2711 ¹9·
1207 2666 1287 2714 illo]
1316 2667 1387 2701 alio
1411 2677 1463 2700 αε
1568 2669 1715 2708 20.hoc

306 2713 396 2747 haec
419 2713 644 2756 αινικλμνξ
676 2725 771 2760 seqq.
897 2723 954 2747 22.
980 2713 1275 2758 comprehensum
1301 2722 1322 2747 ε
1461 2717 1520 2753 23,
1546 2715 1603 2749 illi
1628 2717 1699 2751 AB

307 2761 440 2803 (corr.)
462 2760 482 2798 ξ
527 2758 710 2794 illumRO
731 2762 892 2805 (praeter
914 2759 951 2801 ξ)
1308 2767 1310 2769 ’
