1846 3178
292 170 391 223 xxn'

317 302 355 345 λ.
397 301 472 344 Ed.
501 303 654 343 Veneta
683 303 799 343 Pauli
830 303 1002 346 Manutii
1031 321 1068 346 a.
1092 306 1237 348 1562.:
1279 307 1329 348 ad
1358 306 1581 360 exemplum
1598 307 1719 347 ,Nau-

399 390 581 442 gerianae
608 391 754 443 passim
785 399 989 432 correcta:
1039 407 1083 432 ex
1123 393 1362 435 bibliotheca
1411 395 1572 436 illustris
1613 395 1717 436 Aca·

399 474 555 514 demine
584 475 619 514 F
621 476 826 516 ridericiae
867 477 1125 519 Wilhelmiae
1156 479 1382 524 Rheuanae.

316 574 364 611 μ.
414 561 492 604 Ed.
519 562 645 605 Paris.
678 562 794 618 1539.
823 564 986 604 Roberti
1021 564 1233 618 Stephani,
1263 567 1333 619 qui
1361 565 1630 607 Victoria-:am
1657 581 1718 608 se-

397 652 534 707 quitur
563 667 645 693 non
676 656 760 694 sine
794 655 955 710 proprio
987 655 1160 696 iudicioz
1204 669 1250 695 ex
1291 655 1390 698 bibl.
1419 655 1613 711 gymnasii
1641 648 1720 694 Ca-

400 739 500 779 thol.
529 739 670 783 Colon.

325 841 364 868 ν.
412 827 493 867 Ed.
518 828 645 870 Paris.
672 827 785 878 1554.
811 828 942 869 Caroli
961 829 1166 884 Stephani.
1202 829 1266 868 Ad
1294 830 1377 868 eius
1400 806 1548 868 caloem
1564 826 1722 867 additae

402 922 524 954 sunt:
577 916 715 955 variae
750 917 925 956 lectiones
963 926 1195 957 vetustorum
1227 916 1516 971 exemplarium
1552 915 1655 954 inter
1683 926 1724 952 se

407 1002 660 1042 collatorum:
709 1015 774 1041 eas
790 1031 803 1055 ⁷
846 1016 1093 1056 quamquam
1128 1003 1256 1041 omnis
1295 1001 1377 1040 fere
1408 1001 1450 1040 in
1480 1000 1614 1054 pravis
1655 997 1719 1037 ed.

406 1088 524 1144 1472.
561 1089 767 1142 scripturis
793 1090 1037 1141 reperimus,
1078 1089 1190 1141 signo
1230 1100 1254 1134 ς
1292 1094 1447 1127 notatas
1480 1061 1724 1129 exhibemns.

399 1174 610 1215 Niebuhrii
642 1173 866 1228 exemplum
903 1174 1158 1215 contulimus.

319 1261 354 1309 ξ.
400 1261 741 1301 Praestantissima
777 1260 962 1301 Lambini
1010 1260 1131 1300 editio
1174 1275 1215 1300 a.
1263 1260 1412 1302 1566.:
1445 1274 1549 1314 quae
1593 1265 1633 1299 et
1673 1258 1726 1300 ab

401 1346 555 1386 Orellio
604 1346 899 1400 diligentissime
947 1345 1090 1386 collata
1130 1353 1214 1386 erat
1229 1375 1241 1398 ,
1282 1353 1322 1386 et
1358 1346 1475 1385 nobis
1522 1345 1575 1385 ad
1609 1358 1728 1386 usum

399 1440 486 1473 erat
513 1446 696 1472 concessa
724 1446 770 1471 ex
798 1431 986 1471 biblioth.
1020 1431 1146 1474 Acad.
1174 1431 1246 1470 Fr.
1276 1431 1408 1472 Wilh.
1439 1431 1570 1471 Rhen.
1613 1430 1728 1470 Alte-

399 1535 487 1560 ram
529 1519 744 1560 editionem
783 1519 1088 1558 Lambinianam
1130 1525 1220 1573 post
1257 1517 1390 1572 magni
1436 1518 1514 1558 viri
1541 1524 1727 1569 mortem,

401 1609 554 1648 deserta
596 1606 832 1660 plerumque
871 1605 992 1658 ipsius
1031 1605 1259 1644 recensione
1287 1618 1323 1643 a.
1357 1602 1460 1655 1584
1487 1603 1729 1652 confectam,

405 1694 564 1735 nonnisi
589 1694 659 1734 ubi
687 1693 895 1733 manifesta
926 1693 1022 1732 vitia
1049 1691 1142 1730 inde
1171 1691 1363 1744 originem
1403 1689 1616 1738 duxerunt,
1654 1700 1727 1729 suo

403 1783 565 1822 nomine
592 1780 687 1831 (ed.'
713 1779 853 1831 1584.)
881 1791 1251 1818 commemoramus.

321 1882 356 1913 ο.
400 1868 479 1911 Ed.
507 1868 593 1907 Iani
621 1868 799 1915 Gruteri‚
833 1881 856 1905 a
885 1866 965 1904 Iac.
994 1865 1200 1904 Gronovio
1217 1863 1391 1916 ‘repetita
1418 1863 1546 1916 Lugd.
1582 1862 1698 1918 1692.

316 1967 363 1992 π.
393 1952 471 1996 Ed.
501 1953 537 1993 I.
566 1955 619 1992 G.
650 1953 840 2001 Graevii,
871 1967 993 2006 quam
1019 1953 1062 1990 in
1090 1950 1351 2004 Neapolitana
1381 1950 1586 1989 Garatonii
1613 1965 1730 2005 repe-

401 2040 542 2080 titione
569 2054 598 2093 ³.
621 2039 839 2080 Nicbuhrio
869 2038 1084 2079 liberaliter
1108 2037 1358 2078 commodata
1385 2037 1657 2078 tractavimus.

325 2141 366 2181 ρ.
396 2127 475 2168 Ed.
506 2127 680 2167 Ernestii
709 2142 748 2166 a.
789 2125 904 2180 1776.

326 2228 365 2257 σ.
389 2215 468 2256 Ed.
495 2215 684 2256 Schiitzii.

319 2315 361 2341 τ.
390 2301 610 2341 Novissima
637 2300 780 2341 Orellii
811 2301 944 2344 editio.

326 2400 363 2434 ς.
392 2388 539 2432 Variae
565 2387 756 2429 lectiones
783 2387 917 2428 Caroli
945 2387 1150 2442 Stephani.

362 2576 368 2582 '
407 2567 619 2610 Praeterea
646 2569 852 2609 brevitatis
881 2582 999 2608 causa
1028 2568 1089 2609 his
1119 2568 1222 2609 notis
1250 2569 1425 2608 utimur:

355 2656 402 2695 Π
460 2655 614 2695 codices
642 2657 727 2695 noti
754 2668 904 2695 omnes.
