1846 3178
592 117 702 196 PRO
731 151 786 194 A.
816 152 1116 195 CLUENTIO.
1505 151 1566 221 57

130 280 546 348 eat-existimatio.
613 281 679 330 At
714 292 824 330 tum
858 279 896 329 si
923 279 1169 336 dicerem,
1203 295 1310 327 non
1357 276 1568 327 audirer

131 361 407 431 non³quod
427 361 527 411 alia
551 377 627 411 res
649 374 798 411 esset:
835 361 990 410 immo
1014 359 1217 421 eadem3
1250 355 1337 408 sed
1371 369 1568 427 tempus

130 442 287 492 aliud·
351 443 414 495 Id
445 443 570 494 adeo
602 443 672 493 sic
705 443 1000 511 cognoscite.
1069 442 1197 506 Quis
1225 453 1335 490 tum
1354 439 1566 491 auderet

130 525 320 588 dicere,
355 539 622 578 nocentem
653 527 1048 578 condemnatum
1072 543 1171 575 esse
1189 523 1565 593 Oppianicum?

101 609 244 679 5quis
275 627 418 660 nunc
449 608 604 659 audet
636 611 850 678 negare?
891 609 1020 672 Quis
1056 620 1167 657 tum
1197 617 1358 675 posset
1390 623 1565 673 argue-

126 709 208 751 re,
249 692 314 741 ab
349 692 636 761 Oppianico
682 703 934 741 tentatum.
981 707 1079 739 esse
1126 689 1379 740 iudicium
1413 705 1566 758 pecu-

126 771 243 823 nia?
292 773 408 842 quis
453 773 507 823 id
548 774 646 824 hoc
691 786 915 842 tempore
961 771 1174 821 infitiari
1207 772 1402 840 potest?
1468 771 1564 820 Cui

127 869 241 907 tum
281 858 457 907 liceret
511 856 711 915 docere,
768 853 1118 924 Oppianicum
1170 870 1317 902 reum
1371 853 1565 902 factum

125 957 226 989 esse
259 951 371 990 tum
411 938 654 1007 denique,
700 957 865 1007 quum
899 937 1099 987 duobus
1146 934 1390 1005 proximis
1422 953 1566 1004 prae-

77 1021 332 1072 xoiudiciis
363 1021 727 1079 condemnatus
759 1022 910 1071 esset?
959 1019 1074 1086 quis
1106 1032 1202 1078 est,
1251 1019 1344 1087 qui
1380 1017 1434 1066 id
1466 1017 1565 1067 hoc

125 1119 352 1179 tempore
402 1104 664 1154 infirmare
706 1105 952 1155 conetur?
1019 1104 1215 1167 Quare,
1263 1101 1456 1152 invidia
1489 1119 1565 1151 re-

121 1200 283 1248 mota,
317 1205 475 1255 quam
508 1185 612 1237 dies
644 1187 919 1255 mitigavit,
953 1186 1124 1235 oratio
1148 1202 1258 1234 mea
1293 1184 1563 1254 deprecata

119 1281 212 1330 est,
269 1283 430 1321 vestra
477 1270 598 1321 fides
629 1284 783 1338 atque
825 1270 1052 1338 aequitas
1083 1288 1113 1318 a
1155 1269 1379 1319 veritatis
1411 1267 1566 1318 disce-

120 1352 351 1420 ptatione
385 1353 587 1403 reiecit:
623 1351 753 1421 quid
785 1365 857 1403 est
887 1364 1176 1423 praeterea,
1209 1350 1350 1420 quod
1369 1351 1425 1402 in
1448 1369 1564 1400 cau·

73 1438 175 1483 15sa
208 1435 564 1503 relinquatur?
622 1446 626 1451 ’

249 1530 514 1579 Versatam
546 1545 643 1577 esse
677 1528 734 1578 in
764 1528 955 1580 iudicio
988 1530 1288 1600 pecuniam,
1339 1538 1561 1577 constat:

118 1628 178 1662 ea
210 1611 501 1679 quaeritur,
548 1609 688 1659 unde
732 1613 958 1680 profecta
1001 1613 1088 1673 sit,
1141 1612 1205 1662 ab
1239 1622 1559 1670 accusatore,

118 1710 188 1743 an
221 1691 285 1740 ab
319 1708 420 1743 reo.
485 1693 760 1741 Accusator
792 1690 917 1741 dicit
962 1691 1109 1741 haec:
1176 1693 1409 1742 Primum
1452 1712 1562 1762 gra-

118 1774 328 1831 vissimis
360 1771 662 1822 criminibus
694 1773 1016 1832 accusabam,
1067 1785 1128 1821 ut
1161 1773 1295 1821 nihil
1331 1790 1457 1842 opus
1492 1789 1562 1822 es-

62 1870 188 1908 aoset
228 1857 473 1927 pecuniat
519 1853 727 1914 deinde,
777 1855 1174 1905 condemnatum
1218 1855 1560 1916 adducebam,

116 1949 180 1987 ut
221 1954 286 1986 ne
329 1936 460 2005 eripi
506 1935 716 2003 quidem
756 1937 976 2008 pecunia
1022 1950 1215 2006 posset:
1280 1951 1560 2008 postremo,

115 2020 310 2075 etiamsi
343 2020 603 2069 absolutus
634 2019 835 2079 fuisset,
873 2037 1104 2071 mearum
1131 2033 1300 2073 tamen
1326 2021 1561 2070 omnium

112 2101 443 2154 fortunarum
474 2116 631 2157 status
664 2103 934 2155 incolumis
969 2116 1210 2154 maneret.
1278 2103 1422 2170 Quid
1442 2123 1560 2156 con-

221 2241 263 2286 5.
290 2256 398 2287 nunc
426 2244 468 2284 id
495 2244 616 2285 audet
753 2243 795 2285 6.
821 2243 1014 2285 iudicium
1040 2251 1238 2287 tentatum
1266 2259 1350 2285 esse
1488 2259 1555 2286 22.

222 2297 430 2343 absolutus
457 2308 559 2343 esset

203 2441 234 2468 1.
273 2430 323 2478 at}
372 2443 417 2467 ae
450 2435 496 2466 Π
537 2435 711 2481 (praeter
750 2436 828 2480 ας)
895 2433 946 2474 δζ
1086 2446 1118 2470 2.
1179 2446 1254 2469 non
1279 2445 1298 2467 a
1332 2447 1396 2469 om.
1435 2436 1467 2470 A
1484 2436 1515 2469 Β
1533 2448 1561 2482 p

107 2476 173 2511 :ed
220 2479 319 2525 quod
360 2486 470 2524 temp.
512 2491 535 2512 α
553 2491 570 2514 ε
714 2481 746 2515 3.
787 2482 968 2526 agnoscite
1006 2479 1376 2529 defghilcflmpdg
1526 2484 1557 2516 5.

107 2534 205 2558 nunc
232 2525 342 2559 audet
366 2527 541 2574 ΑΒκλμ
589 2538 686 2560 nunc
711 2527 750 2560 id
774 2527 883 2562 audet
917 2527 946 2563 R
983 2530 1086 2574 vulg.
1199 2531 1231 2564 6.
1267 2534 1446 2563 tentatum
1480 2539 1558 2564 esse

109 2570 283 2605 iudicium
311 2575 482 2619 ΑΒκλμ
531 2574 607 2611 iud.
635 2579 729 2608 tent.
766 2584 843 2608 esse
876 2575 907 2609 R
940 2576 1040 2620 vulg.
1148 2578 1179 2610 8.
1207 2576 1326 2610 dicere
1366 2585 1421 2609 αε
1521 2588 1559 2621 9.

106 2619 293 2662 proxumis
318 2621 349 2653 B
424 2633 473 2655 ιι.
499 2627 637 2655 remota
651 2627 706 2656 est
730 2620 810 2662 δεζ
887 2623 936 2656 16.
963 2634 1039 2656 esse
1054 2624 1205 2656 om.AB
1258 2634 1307 2666 ¹7·
1334 2623 1390 2671 ea]
1419 2629 1559 2663 θιαες

111 2665 165 2698 18.
192 2675 237 2699 au
260 2677 322 2700 reo
350 2667 379 2700 Β
426 2679 470 2701 au
504 2679 525 2701 a
565 2681 624 2703 reo
662 2672 751 2704 Ααε
867 2668 971 2716 haec]
1004 2668 1073 2702 hoc
1110 2679 1160 2701 αε
1246 2669 1338 2705 dicit
1369 2675 1557 2707 accusator

107 2711 176 2749 AB
267 2724 320 2749 20.
345 2716 499 2760 pecunia
524 2727 588 2751 om.
615 2717 644 2752 B
740 2729 792 2754 22.
821 2715 950 2752 fuisset
973 2717 1045 2751 AB
1094 2721 1187 2752 esset
1210 2717 1240 2752 R
1255 2717 1294 2752 0.

1602 449 1662 494 30

1598 1114 1646 1154 81
