1846 3178
572 132 684 191 PRo
717 149 771 189 A.
789 147 1091 189 cLoENTIO.
1490 163 1552 215 29

40 279 59 291 ἐ

108 257 503 344 iantiiognitum
535 285 587 328 et
627 291 772 344 saepe
807 275 1072 330 victorem,
1106 289 1200 342 per
1221 288 1376 340 quem
1398 266 1553 324 inter-

105 360 294 411 ficeret
319 357 592 426 plurimos,
628 334 850 406 mulier*
849 357 1119 415 exclamat,
1154 373 1203 405 se
1231 355 1295 404 ab
1320 372 1378 404 eo
1407 359 1553 408 nullo

105 439 258 493 m'odo
293 439 464 490 curari
497 440 649 498 velle,
697 458 800 507 quo
836 451 1051 488 curante
1084 455 1255 488 omnes
1285 455 1400 487 suos
1432 457 1555 507 per-

106 521 323 573 didisset.
419 523 554 571 Tum
593 535 800 590 repente
845 522 1226 571 Anconitanum
1272 520 1554 589 quendam,

81 604 163 654 &Lu
181 603 442 664 Clodium,
478 603 924 673 pharmacopolam
946 603 1429 663 circumforaneum,
1461 604 1555 671 qui

107 704 227 737 casu
249 697 362 737 tum
388 686 635 735 Larinum
663 685 894 744 venisset,
930 684 1243 752 aggreditur,
1275 697 1326 734 et
1350 704 1468 735 cum
1493 703 1553 736 eo

107 767 310 819 duobus
330 768 570 818 ·millibus
599 769 713 827 HS,
748 766 804 815 id
837 765 977 835 quod
1021 767 1178 836 ipsius
1224 767 1410 817 tabulis
1443 781 1563 818 tum

108 862 183 901 est
207 849 631 905 demonstratum,
669 848 912 916 transigit.
979 851 1030 897 L.
1060 848 1286 908 Clodius,
1322 851 1416 917 qui
1441 869 1556 919 pro-

106 945 331 1003 peraret,
366 933 451 985 cui
483 932 594 991 fora
618 932 781 981 multa
807 942 1084 988 restarent,
1120 931 1273 980 simul
1298 944 1452 1000 atque
1478 933 1556 982 in-

17 1048 19 1050 ·
58 1013 373 1066 rotroductus
406 1021 503 1074 est,-
536 1032 644 1064 rem
678 1014 919 1064 confecit.-
951 1014 1116 1083 prima
1143 1014 1351 1083 potione
1376 1014 1556 1064 mulie-

106 1103 218 1148 re‘m
236 1095 463 1146 sustulit:
493 1113 661 1164 neque
685 1109 854 1166 postea
868 1096 1042 1145 Larini
1065 1109 1318 1165 punctum
1341 1109 1414 1147 est
1434 1109 1555 1147 tem-

105 1179 246 1248 peris
276 1191 628 1229 commoratus.
694 1178 884 1228 Eadem
923 1178 1020 1228 hac
1051 1178 1249 1228 Dinaea
1291 1191 1552 1230 testamen·
1578 1185 1627 1237 4¹

108 1272 223 1314 tum
254 1260 496 1324 faciente,
529 1280 695 1330 quum
730 1262 927 1311 tabulas
946 1260 1291 1330 prehendisset
1308 1262 1557 1332 Oppiani-

109 1361 233 1404 euss
257 1344 351 1412 qui
385 1361 541 1412 gener
573 1344 680 1393 eius
714 1343 912 1403 fuisset,
957 1342 1117 1411 digito
1152 1345 1314 1411 legata
1347 1343 1555 1394 delevit:

62 1434 164 1478 §fiet
193 1444 362 1494 quum
385 1425 442 1476 id
460 1426 638 1476 multis
663 1426 784 1475 locis
804 1425 1021 1484 fecisset,
1059 1439 1171 1494 post
1196 1439 1413 1476 mortem
1436 1427 1556 1487 eius,

109 1527 178 1561 ne
210 1509 382 1560 lituris
413 1507 619 1575 coargui
652 1520 832 1576 posset,
874 1519 1230 1561 testamentum
1251 1508 1309 1557 in
1337 1509 1459 1558 alias
1487 1521 1558 1558 ta-

109 1592 257 1642 bulas
290 1590 692 1658 transscriptum,
737 1589 890 1657 signis
929 1588 1231 1639 adulterinis
1263 1590 1574 1658 obsignavit.-

109 1674 276 1724 Multa
308 1684 569 1742 praetereo
604 1672 858 1721 consulto:
895 1671 1084 1720 etenim
1111 1689 1307 1731 vereor,
1344 1689 1409 1721 ne
1433 1672 1557 1722 haec

109 1756 219 1825 ipsa
261 1755 484 1805 nimium
531 1755 694 1804 multa
741 1771 839 1803 esse
884 1753 1166 1803 videantur.
1234 1756 1338 1804 Vos
1385 1767 1555 1805 tamen

58 1854 231 1889 meum
262 1837 481 1889 similem
502 1836 581 1886 sui
604 1836 754 1885 fuisse
781 1836 838 1884 in
860 1835 1035 1884 ceteris
1059 1853 1266 1903 quoque
1289 1836 1421 1886 vitae
1443 1857 1558 1906 par-

113 1920 250 1970 tibus
292 1919 575 1988 existimare
623 1917 828 1968 debetis.
893 1919 1051 1967 Illum
1099 1919 1297 1969 tabulas
1328 1919 1560 1989 publicas

111 2002 287 2055 Larini
331 2001 578 2052 censorias
633 2001 938 2070 corrupisse,
989 2000 1286 2052 decuriones
1335 2001 1558 2051 universi

223 2124 262 2163 3.
291 2121 396 2163 velle
425 2121 557 2161 curari
667 2134 758 2160 suos
786 2134 926 2160 omnes
1039 2135 1081 2174 7.
1116 2121 1192 2160 HS
1220 2120 1522 2174 quadringentis

207 2231 238 2258 1.
284 2221 570 2266 per-plurimos
597 2233 662 2254 om.
688 2221 743 2260 ξσ
860 2221 1007 2254 uncinis
1032 2220 1260 2255 incluserunt
1285 2232 1304 2266 ρ
1320 2233 1341 2254 τ
1525 2222 1556 2254 3.

113 2267 230 2302 curari
255 2267 351 2301 velle
375 2269 452 2303 AB
562 2268 656 2301 velle
683 2268 799 2301 curari
827 2268 896 2301 Ro
1021 2279 1146 2301 omnes
1172 2278 1256 2300 suos
1281 2269 1352 2302 AB
1476 2277 1558 2300 suos

114 2325 237 2348 omnes
262 2315 336 2348 Ro
475 2315 507 2348 5.
542 2314 858 2360 pharmacopulam
897 2313 1191 2360 ahchipr·st11.
1296 2315 1411 2348 forma
1445 2325 1559 2359 copu-

112 2361 187 2395 lam
211 2371 236 2394 α
282 2361 582 2396 circumforanum
611 2374 634 2394 a
649 2362 667 2394 b
681 2360 856 2406 cdghin
870 2373 922 2407 op
934 2369 1034 2395 rstu
1051 2372 1073 2392 α
1087 2370 1104 2392 ε
1152 2362 1318 2395 foranum
1334 2362 1404 2395 AB
1520 2361 1557 2395 6.

115 2413 154 2442 et
181 2420 248 2443 om.
277 2407 358 2456 bcq
408 2409 551 2442 duobus
587 2409 749 2442 millibus
776 2407 852 2454 HS]
880 2408 951 2441 duo
990 2408 1091 2441 milia
1118 2407 1559 2455 ABdefghiklmnop

116 2453 195 2498 (hic
207 2455 301 2489 enim
315 2455 455 2490 exhibet
473 2469 484 2489 .·
511 2466 626 2490 oooo
647 2455 681 2492 h.
698 2468 726 2490 e.
754 2453 1041 2500 οιοοιο)βγὸ“εζ
1089 2454 1327 2501 quadraginta
1341 2454 1510 2489 sextertia
1535 2467 1558 2488 a

116 2500 228 2535 libras
255 2502 493 2548 quadraginta
519 2514 541 2535 α
613 2514 677 2536 om.
714 2502 914 2549 bcqrstu
1006 2501 1073 2536 HS
1107 2501 1380 2548 quadringentis
1403 2502 1434 2535 R
1457 2502 1565 2547 vulg.'

117 2551 175 2582 eut
196 2549 309 2594 ipsius
348 2548 483 2582 tabulis
520 2555 596 2584 tum
628 2547 893 2595 defghvssd'ss
1064 2554 1143 2582 tum
1182 2562 1248 2586 om.
1275 2548 1559 2596 ABabcqasq

118 2597 152 2632 8.
177 2593 255 2651 qui]
284 2606 363 2628 cum
385 2597 455 2631 AB
522 2597 695 2642 properat
718 2607 740 2627 α
881 2608 930 2633 ιο,
955 2596 1100 2629 conficit
1122 2596 1142 2628 λ
1287 2597 1335 2629 13.
1363 2596 1501 2629 facente
1531 2598 1561 2628 A

117 2641 324 2688 prendisset
346 2642 664 2683 bchilrtuvdc
709 2641 953 2688 prendidisset
976 2643 1049 2676 AB
1155 2642 1206 2686 14.
1236 2641 1332 2686 eius]
1360 2641 1469 2675 huius
1492 2642 1562 2676 AB

122 2690 175 2723 16.
199 2687 330 2722 litteris
354 2701 377 2722 α
426 2691 543 2736 possit
566 2693 596 2724 A
611 2691 640 2724 Β
787 2702 841 2724 20.
869 2689 1025 2723 similem
1045 2689 1106 2722 sui
1132 2700 1214 2722 eum
1233 2690 1303 2722 AB
1361 2691 1417 2722 sui
1447 2701 1511 2722 om.
1533 2700 1568 2728 ις-

121 2746 270 2781 quoque
292 2747 361 2769 om.
381 2735 763 2784 defghmnodL‘ZQ
779 2744 830 2769 στ’
882 2737 979 2770 vitae
1005 2734 1279 2781 suaepartibus
1302 2734 1560 2784 defghmno

119 2780 358 2829 νβδεζηκμ
451 2797 509 2822 21.
538 2783 720 2818 debebitis
741 2784 1005 2831 abcqrston
1546 2799 1547 2802 ¹
