1846 3178
556 148 669 189 PRo
714 146 769 188 A.
798 143 1099 186 ctUENTIO.
1457 143 1544 194 125

121 273 395 346 Oppianici
439 284 490 324 et
530 272 687 342 ipsius
724 271 953 322 mulieris
986 269 1161 329 multi,
1195 268 1425 319 homines
1457 269 1547 320 ho·-

116 357 244 408 noeti
275 363 429 424 atque
461 355 699 405 omnibus
730 355 880 404 rebus
913 353 1092 404 ornati.
1126 350 1411 401 Tormentis
1444 369 1548 400 om-

117 439 270 491 nihus
320 439 749 490 vehementissime
796 438 1074 506 quaeritur.
1162 436 1339 499 Quum
1385 445 1548 482 essent

114 521 275 573 animi
317 539 576 572 servorum
618 535 670 572 et
714 539 799 590 spe
845 533 897 570 et
938 531 1077 569 metu
1113 517 1321 576 tentati,
1365 517 1549 566 utali-

88 601 245 711 ffyid
290 603 347 653 in
389 604 683 672 quaestione
730 602 979 652 dicerent:
1018 613 1199 655 tamen,
1215 612 1276 649 ut
1307 598 1547 656 arbitror,

113 685 418 736 auctoritate
467 685 822 736 advocatorum
864 696 915 733 et
954 682 1004 731 vi
1057 694 1429 732 tormentorum
1461 681 1549 730 ad-

0 763 36 787 's
113 765 271 823 ducti,
308 768 363 816 in
396 769 604 818 veritate
637 777 945 824 manserunt,
979 780 1147 832 neque
1178 782 1227 813 se
1261 764 1549 832 quidquam

113 849 241 900 scire
287 849 538 900 dixerunt.
619 849 860 914 Quaestio
903 848 992 897 illo
1035 845 1120 895 die
1161 846 1224 895 de
1266 846 1550 896 amicorum

112 933 368 983 sententia
402 932 599 982 dimissa
634 944 719 982 est.
787 931 912 981 Satis
945 930 1095 997 longo
1127 929 1395 978 interval-lo
1437 941 1550 998 post

67 1013 662 1065 xoiterumadvocantur.
706 1013 939 1062 Habetur
970 1010 1032 1060 de
1065 1012 1261 1079 integro
1295 1011 1550 1079 quaestiox

118 1096 263 1146 nulla
309 1097 382 1145 vis
433 1106 806 1144 tormentorum
839 1092 1206 1142 acerrimorum
1236 1093 1555 1161 praetermit-

128 1176 280 1226 titur:
322 1175 573 1226 adversari
618 1175 845 1225 advocati
895 1188 943 1224 et
976 1176 1077 1224 iam
1110 1177 1192 1224 vix
1223 1177 1357 1226 ferre
1389 1190 1556 1245 posset

115 1258 288 1309 furere
307 1259 524 1311 crudelis
555 1273 708 1328 atque
743 1261 1036 1330 importuna
1067 1260 1279 1317 mulier,
1327 1261 1422 1310 sibi
1458 1279 1557 1310 ne-

115 1360 389 1410 quaquam,
408 1357 468 1394 ut
479 1355 730 1413 sperasset,
745 1360 821 1402 ea,
835 1358 963 1410 quae
985 1343 1255 1410 cogitasset,
1269 1343 1556 1408 procedere.

71 1428 301 1492 15Quum
335 1428 437 1476 iam
470 1438 633 1476 tortor
667 1439 822 1495 atque
854 1439 1012 1476 essent
1046 1439 1296 1477 tormenta
1332 1428 1438 1497 ipsa
1473 1427 1559 1476 de-

119 1511 267 1571 fessa,
302 1527 469 1580 neque
505 1524 673 1561 tamen
708 1511 796 1560 illa
833 1511 985 1560 finem
1017 1511 1181 1559 facere
1214 1511 1392 1562 velletz
1442 1511 1557 1578 qui-

121 1591 240 1643 dam
272 1611 333 1644 ex
365 1593 640 1652 advocatis,
676 1592 829 1643 homo
863 1607 913 1643 et
946 1592 1227 1642 honoribus
1260 1593 1442 1662 populi
1477 1611 1557 1642 or-

121 1689 297 1736 natus,
342 1689 394 1726 et
425 1693 619 1725 summa
651 1675 842 1725 virtute
875 1674 1153 1744 praeditus,
1191 1675 1476 1742 intelligere
1508 1691 1559 1723 se

122 1757 278 1819 dixit,
313 1777 418 1809 non
453 1757 507 1807 id
540 1759 644 1826 agi,
687 1771 749 1808 ut
780 1775 955 1807 verum
989 1757 1334 1814 inveniretur,
1380 1757 1466 1807 sed
1499 1771 1562 1807 ut

69 1839 324 1910 analiquid
377 1839 489 1890 falsi
530 1839 696 1888 dicere
754 1851 1064 1908 cogerentur.
1138 1842 1248 1889 Hoc
1291 1853 1563 1909 postquam

126 1923 280 1972 ceteri
325 1921 754 1990 comprobarunt:
800 1939 861 1969 ex
895 1922 1126 1971 omnium
1160 1923 1411 1972 sententia
1445 1942 1564 1972 con-

123 2004 362 2055 stitutum
394 2015 478 2062 est,
506 2002 622 2052 satis
654 2001 815 2052 videri
849 2021 947 2052 esse
979 2003 1277 2071 quaesitum.
1313 2004 1566 2055 Redditur

126 2085 411 2156 Oppianico
445 2085 778 2134 Nicostratus:
814 2086 1061 2134 Larinum
1095 2086 1200 2155 ipsa
1227 2087 1568 2156 proficiscitur

129 2186 250 2217 cum
291 2167 412 2227 suis,
448 2184 699 2226 maerens,
734 2167 874 2235 quod
925 2168 1026 2216 iam
1078 2179 1212 2216 certe
1255 2167 1567 2220 incolumem

75 2251 296 2307 25filium
340 2251 448 2301 fore
493 2252 734 2320 putabat,
775 2250 839 2299 ad
871 2268 1026 2319 quem
1060 2269 1167 2301 non
1202 2251 1352 2302 modo
1387 2270 1565 2302 verum

131 2407 134 2410 ,
204 2408 208 2414 ,
237 2371 279 2412 5.
308 2371 663 2412 vehementissimis
800 2386 861 2411 12.
888 2374 1061 2413 aversari

220 2472 255 2509 3,
283 2469 600 2505 vehementissime
633 2472 700 2505 AB
779 2469 1104 2505 vehementissimis
1132 2474 1204 2508 ΠΟ
1346 2473 1377 2516 4.
1403 2478 1440 2507 et
1465 2479 1564 2509 metu

131 2521 170 2551 et
191 2516 225 2552 vi
250 2524 510 2552 tormentorum
539 2527 563 2551 σ
631 2530 695 2552 suo
723 2518 803 2551 loco
834 2519 974 2552 omissis
998 2520 1142 2553 verbis.-
1177 2526 1214 2554 et
1239 2520 1274 2552 vi
1298 2524 1404 2553 torm.
1531 2526 1562 2559 8.

133 2563 179 2596 de
201 2577 266 2599 om.
294 2563 653 2612 bcdefghkld'sc
725 2578 756 2609 9.
776 2565 929 2599 demissa
954 2566 1283 2614 Abcdefghmx
1358 2580 1408 2603 ια.
1436 2569 1563 2604 adver-

131 2611 203 2644 sari
241 2611 328 2646 Bhi
424 2613 619 2646 adversarii
657 2610 1197 2660 Αεᾱ]ε,’1ι1ςίιηγδεζηικμ
1296 2618 1448 2649 aversari
1482 2618 1566 2656 λνξ

130 2669 230 2706 seqq.
326 2663 363 2693 et
402 2659 483 2707 iam]
522 2662 631 2694 etiam
657 2660 716 2694 Ab
732 2659 806 2691 -Ιι
823 2660 970 2705 δεζκμ
1117 2663 1164 2696 15.
1192 2667 1368 2696 tormenta
1397 2670 1518 2699 essent
1542 2672 1566 2697 σ

135 2717 188 2752 ¹7.
211 2705 321 2740 hoino
349 2711 386 2741 et
408 2719 476 2744 om.
502 2709 532 2740 B
673 2720 725 2742 20.
752 2707 871 2741 dicere
897 2719 961 2742 om.
990 2708 1020 2741 Β
1161 2720 1214 2743 22.
1239 2715 1294 2743 est
1317 2722 1380 2743 om.
1408 2711 1438 2744 Β

1576 868 1652 910 ¹77

1590 2021 1664 2075 178
