1846 3178
212 363 320 404 ¹¹9⁴

190 1675 263 1701 120

306 222 366 267 82
907 216 1118 258 ORATIO

435 337 595 389 Video
630 338 808 405 igitur,
844 339 1056 400 iudices,
1083 335 1735 408 animadvertisseCensorep

302 415 358 464 in
394 415 583 464 iudices
621 416 864 481 quosdam
898 418 1034 466 illius
1077 419 1270 467 consilii
1303 417 1529 475 Iuniani,
1564 433 1730 484 quum

299 497 444 546 istam
478 498 635 564 ipsam
670 514 868 546 causam
899 499 1279 547 subscriberent.
1323 499 1421 546 Hic
1453 497 1585 547 illud
1626 498 1732 567 pri-

297 598 439 628 mum
481 597 748 626 commune
778 599 1073 649 proponam,
1099 598 1379 647 numquam
1414 579 1737 629 animadver-

294 661 518 710 sionibus
552 658 797 709 Censoriis
837 659 970 706 hanc
1001 657 1253 706 civitatem
1297 657 1366 704 ita
1419 666 1749 714 contentamss

295 755 355 791 ut
389 742 537 791 rebus
573 741 829 800 iudicatis,
867 740 1026 788 fuisse.
1080 740 1254 805 Neque
1289 738 1344 786 in
1379 755 1433 787 re
1460 750 1579 789 nota
1606 756 1725 791 conr-

292 841 487 875 sumam
523 836 718 891 tempus
773 822 1022 891 exemplis.
1101 824 1292 870 Ponam
1335 820 1468 870 illud
1516 838 1722 873 mnam:

293 908 342 956 C.
382 906 595 964 Getam,
642 924 804 972 quum
838 924 865 953 a
901 908 953 953 L.
1005 905 1208 954 Metello
1253 916 1303 952 et
1336 905 1425 952 Cn.
1478 901 1735 960 Domitio„

292 987 591 1041 Censoribus
612 1023 624 1044 ‚
671 1004 731 1034 ex
758 998 951 1034 senatu
1004 985 1188 1034 eiectus
1243 996 1363 1032 esset
1385 1020 1397 1041 ,
1458 985 1764 1055 Censorem5

290 1087 389 1120 esse
424 1071 591 1138 ipsum
627 1082 792 1137 postea
840 1069 1059 1116 factum:
1096 1081 1166 1124 et,
1203 1069 1346 1117 cuius
1377 1083 1538 1117 mores
1566 1054 1774 1116 brantio

288 1171 316 1201 a
364 1152 671 1200 censoribus
716 1151 1042 1218 reprehensis
1072 1150 1214 1199 hunc
1256 1162 1423 1218 postea
1454 1161 1505 1198 et
1538 1146 1728 1217 populi>

287 1234 517 1292 Romani,
537 1246 586 1282 et
619 1250 808 1290 eorum,
845 1233 935 1298 qui
970 1232 1022 1279 in
1045 1232 1210 1300 ipsum
1245 1230 1720 1287 animadverterant,

286 1315 514 1363 moribus
550 1314 831 1382 praefuisse.
901 1314 1093 1377 Quodsi
1122 1314 1255 1363 illud
1294 1314 1543 1363 iudicium
1572 1324 1720 1382 puta-

287 1411 450 1447 retur:
487 1409 546 1445 ut
580 1396 752 1457 ceteri,
790 1395 929 1464 turpi
963 1396 1152 1445 iudicio
1190 1396 1429 1454 damnati,
1464 1395 1519 1444 in
1543 1412 1720 1464 perpe-

288 1491 437 1530 tuum
485 1478 623 1528 omni
674 1478 866 1526 honore
909 1496 966 1527 ac
1015 1478 1260 1546 dignitate
1303 1478 1598 1547 privantur,
1647 1477 1772 1527 sim5

284 1559 581 1609 hominibus
626 1558 904 1624 ignominia
949 1559 1132 1607 notatis
1174 1576 1339 1625 neque
1373 1557 1437 1607 ad
1473 1559 1719 1610 honorem

284 1641 482 1698 aditus,
522 1657 685 1705 neque
720 1640 775 1687 in
811 1639 1013 1688 curiam.
1040 1640 1230 1688 reditus
1274 1653 1404 1689 esset.
1468 1642 1640 1701 Nunc,
1675 1640 1717 1690 si

282 1741 436 1791 quem
459 1725 564 1771 Cn,
588 1721 791 1769 Lentuli
828 1734 917 1770 aut
950 1724 999 1769 L.
1027 1722 1180 1770 Gellii
1215 1722 1423 1770 libertus
1451 1722 1578 1771 furti
1600 1741 1717 1773 cou-

283 1804 572 1854 demnarit:
611 1805 675 1863 is,
723 1804 958 1852 omnibus
993 1804 1300 1852 ornamentis
1321 1803 1531 1863 amissis,
1568 1823 1717 1854 num-

281 1905 438 1953 quam
472 1888 631 1934 ullam
665 1886 935 1934 honestatis
968 1902 1082 1933 suae
1128 1898 1322 1953 partem
1365 1887 1781 1954 recuperabitmo

281 1986 406 2035 quos
439 1981 608 2016 autem
643 1969 745 2035 ipse
773 1970 823 2015 L.
860 1967 1054 2016 Gellius
1089 1981 1138 2016 et
1177 1970 1264 2016 Cn.
1299 1970 1564 2028 Lentulus,
1610 1969 1714 2021 duo

281 2052 535 2108 Censores,
573 2049 831 2096 clarissimi
859 2049 977 2107 viri,
1004 2050 1454 2117 sapientissimique
1470 2051 1710 2110 homines,

280 2132 408 2180 furti
445 2144 494 2180 et
528 2144 791 2199 captarum
843 2132 1178 2197 pecuniarum
1228 2133 1456 2191 nomine,
1510 2146 1709 2183 notave-

390 2253 428 2292 3.
460 2254 634 2304 primum
662 2250 762 2290 illud
877 2264 938 2289 ιο.
970 2252 1099 2304 ipsum
1128 2259 1264 2304 postea
1293 2266 1376 2292 esse
1473 2265 1534 2292 11.
1565 2252 1709 2292 aCen-

386 2308 542 2346 soribus
570 2314 683 2345 erant

371 2427 403 2453 α.
440 2414 598 2461 consilii]
658 2414 784 2448 iudicii
823 2413 1004 2460 cdesgm
1021 2424 1128 2449 rstu
1188 2427 1255 2450 om.
1290 2427 1347 2448 no
1541 2417 1574 2450 3.
1615 2415 1708 2449 illud

278 2464 431 2508 primum
457 2464 525 2496 AB
593 2462 745 2506 primuni
773 2461 864 2493 illud
911 2462 981 2494 Ro
1111 2464 1140 2506 4.
1166 2473 1381 2507 praeponam
1405 2463 1435 2496 B
1567 2463 1598 2496 5.
1625 2473 1711 2496 con-

278 2516 425 2543 temtum
451 2511 482 2543 A
673 2519 701 2551 7.
730 2508 918 2551 exemplis]
969 2510 1122 2553 exempli
1151 2520 1254 2541 causa
1302 2509 1373 2542 AB
1594 2511 1627 2547 8.
1660 2508 1708 2541 ab

279 2556 318 2590 L.
347 2557 376 2590 B
590 2567 636 2588 10.
665 2566 740 2587 esse
767 2555 882 2598 ipsum
907 2561 1031 2597 postea
1059 2556 1129 2589 AB
1222 2556 1337 2599 ipsum
1373 2559 1496 2600 postea
1531 2566 1608 2589 esse
1633 2557 1711 2591 ΒΟ

283 2613 332 2635 ιι.
361 2606 462 2635 erant
489 2612 507 2632 a
536 2601 753 2634 censoribus
782 2601 854 2633 ΑΒ
948 2613 965 2632 a
1001 2602 1104 2638 Com,
1143 2609 1245 2635 erant
1267 2602 1340 2635 Ro
1481 2603 1531 2636 16.
1571 2602 1630 2649 adj
1666 2601 1707 2637 in

228 2659 229 2663 ¹
278 2647 352 2682 AB
492 2650 541 2682 18.
571 2648 667 2682 Gelli
701 2649 729 2680 B
755 2646 1112 2692 adeglzkl01·stu
1260 2648 1432 2682 libertum
1467 2650 1498 2682 A
1529 2649 1606 2695 (pr.
1637 2652 1704 2691 m)

281 2706 334 2728 20-
364 2695 586 2737 recuperavit
612 2702 796 2740 aprstu
959 2708 1011 2730 21.
1040 2695 1087 2742 et]
1124 2698 1187 2727 aut
1210 2703 1260 2727 αε
1423 2696 1476 2731 23.
1519 2700 1703 2741 captarum

278 2741 434 2786 ipsarum
480 2752 558 2785 pec,
586 2740 758 2786 bcdefg
770 2739 793 2772 Ιι
805 2750 933 2774 ιηηυε
