1846 3178
297 137 387 193 163,
836 130 1169 173 ADNoTArxo

291 254 430 306 quavis
449 243 567 293 cansa
587 252 797 292 excusandi
820 255 944 306 gratia
960 267 983 291 a
1003 254 1144 306 quovis
1163 260 1394 292 accusatore
1412 252 1492 292 dici
1501 252 1723 306 potuissem

289 336 425 361 verum
445 325 627 362 crimen!
682 323 761 362 Sed
790 335 908 360 unum
939 323 1113 372 crimen,
1146 337 1249 375 quae
1278 330 1336 362 est
1361 329 1545 362 constans
1594 322 1722 364 libro,

289 396 381 432 'rum
413 396 634 449 scriptura,
665 393 755 432 ideo
784 393 836 432 ab
863 393 1076 443 omnibus,
1105 402 1319 447 praeeunte
1346 393 1508 449 Sylvio,
1535 393 1723 448 repudia·-

288 472 375 514 tum
415 480 500 505 esse
538 465 726 515 videtur,
781 465 973 517 quoniam
1015 465 1121 503 idem
1164 467 1215 509 sit
1254 479 1348 505 cum
1382 479 1499 505 causa
1535 465 1731 525 simplicit

288 551 392 591 quae
423 536 543 575 modo
572 535 679 574 dicta
706 542 825 574 erat:
857 536 965 589 quod
993 550 1133 575 verum
1163 550 1243 574 non
1273 543 1346 575 est.
1419 536 1523 576 Nam
1548 537 1723 591 simple-2!

286 596 403 647 eausa
431 607 482 646 ad
501 607 697 658 rationem
726 607 909 655 actionis,
939 620 1042 659 quae
1072 607 1111 645 in
1152 606 1298 646 iudicio
1327 605 1568 661 adhibetur,
1599 620 1722 647 mum

285 681 431 717 crimen
457 677 509 717 ad
540 692 603 717 res
631 684 793 733 spectat,
807 676 858 715 de
885 676 1031 730 quibus
1073 677 1220 730 agitur,
1249 677 1304 715 ita
1331 683 1378 715 ut
1408 675 1572 729 simplex
1602 689 1722 717 causa

287 763 373 789 esse
395 745 522 806 *possit
542 778 552 796 ,
594 748 713 788 etiam
740 746 811 786 ubi
839 745 955 800 plur-a
983 747 1152 786 crimina
1181 746 1425 796 deferantur,
1454 745 1573 787 modo
1590 752 1722 788 *tentes

286 828 325 859 et
363 818 594 874 argumenta
632 820 673 858 in
712 825 903 872 promptu
944 818 1049 868 sint;
1097 824 1236 856 eontra
1273 818 1315 856 in
1340 831 1415 856 uno
1445 818 1612 858 crimine
1636 830 1722 863 non

285 905 378 931 raro
421 891 610 945 impedita
656 905 775 930 causa
817 897 1019 929 versetur:
1067 887 1143 928 hac
1182 890 1223 927 in
1253 903 1370 927 causa
1397 902 1525 928 unum
1551 888 1719 940 crimen,

285 963 395 1016 quod
434 964 654 1016 expositum
693 969 752 1001 est
771 992 782 1010 ‚
828 975 921 1000 cum
954 961 1115 999 testium
1152 967 1191 999 et
1236 966 1561 1014 argumentorum
1604 959 1722 1013 copia

285 1033 502 1087 agebatur·
532 1032 661 1072 tribus
688 1032 835 1080 verbis,
866 1038 913 1070 ut
940 1031 1073 1069 statim
1098 1029 1194 1068 dicit
1220 1037 1371 1082 orator,
1391 1035 1619 1073 accusatum
1642 1034 1721 1078 ests

282 1119 474 1144 venenum
501 1118 578 1143 esse
604 1105 894 1158 deprehensum.

395 1174 468 1222 56,
520 1186 584 1212 21.
626 1174 781 1215 ειιαηιεί
816 1175 857 1211 in
885 1195 938 1203 —-
964 1171 1192 1228 dqflcz'ssem]
1248 1173 1340 1212 Non
1368 1172 1539 1213 debebat
1563 1179 1721 1215 tentare

287 1243 466 1283 Orellius
504 1242 638 1282 locum
683 1240 935 1281 sanissimum
976 1243 1107 1281 inutili
1135 1244 1387 1283 coniectura.
1441 1248 1563 1286 ctiam
1591 1248 1634 1286 in
1663 1269 1718 1287 —r

282 1316 462 1367 dqfidsse.
497 1315 572 1354 Est
600 1313 676 1353 hoc
704 1316 920 1370 elegantiae
948 1317 1160 1367 oratoriae,
1189 1316 1456 1356 universalem
1483 1319 1722 1359 sententiam

284 1387 477 1442 singulari
514 1403 633 1428 causa
676 1390 859 1442 quamvis
896 1402 989 1427 cum
1018 1388 1151 1441 aliqua
1189 1386 1431 1427 confusionis
1467 1388 1596 1442 specie
1623 1402 1721 1443 prm

281 1457 393 1497 bare.
452 1457 618 1506 Inversa
646 1460 816 1511 ratione,
845 1458 913 1498 sed
943 1473 989 1497 ex
1017 1458 1154 1497 eadem
1192 1459 1497 1510 permutationis
1543 1459 1718 1514 Ucentia,

282 1542 307 1567 a
336 1543 454 1568 causa
491 1529 681 1583 singulari
708 1529 759 1568 ad
803 1529 1067 1570 universalem
1096 1531 1331 1569 sententiam
1360 1530 1550 1570 transitus
1570 1530 1614 1570 fit
1646 1544 1723 1586 pro

281 1601 391 1644 Mur.
420 1615 456 1640 e.
487 1599 530 1653 4.
561 1600 613 1640 8:
667 1602 796 1655 Quum
830 1601 1016 1655 praemia
1053 1601 1153 1638 mihi
1177 1609 1286 1641 tanta
1307 1614 1385 1655 pro
1423 1601 1497 1639 hac
1529 1600 1722 1642 indam-ia

281 1673 359 1711 sint
392 1672 489 1710 data
509 1702 519 1720 ,
568 1680 716 1727 quanta
745 1681 861 1710 antea
898 1672 1051 1710 nemini
1062 1685 1078 1720 ,-
1115 1671 1285 1723 labores,
1317 1685 1398 1726 per
1429 1685 1527 1727 quos
1564 1686 1613 1713 ea
1654 1688 1720 1715 oe,-

274 1746 388 1798 peris
411 1774 423 1794 ,
459 1757 579 1798 quum
615 1743 778 1802 adeptus
809 1745 884 1793 sis,
919 1743 1127 1800 deponere,
1156 1752 1252 1782 esset
1284 1743 1451 1784 hominis
1477 1753 1516 1784 et
1540 1746 1660 1786 astuti
1683 1755 1724 1787 ot

280 1817 441 1868 ingrati.
691 1807 693 1809 ¹

392 1887 460 1929 25.
486 1889 595 1944 quod
616 1889 751 1928 timide
784 1887 941 1943 dicam]
1000 1889 1108 1928 Haec
1136 1903 1217 1928 non
1245 1888 1462 1928 modestiae
1488 1901 1631 1939 causa,
1672 1896 1721 1930 ut

279 1959 440 2012 Sylvius
489 1961 774 2012 interpretatur
801 1989 813 2010 ‚
865 1960 1006 1998 Cicero
1063 1958 1223 2009 adiecit,
1270 1957 1340 1997 sed
1385 1958 1495 2011 quod
1543 1959 1587 1998 in
1633 1966 1719 2010 tarn

277 2032 387 2083 turpi
435 2044 555 2070 causa
603 2031 667 2077 vix
721 2031 932 2071 honestum
979 2031 1191 2071 videbatur
1219 2060 1233 2080 ‚
1279 2036 1438 2070 tantum
1480 2045 1504 2071 a
1546 2045 1591 2071 se
1634 2045 1720 2072 esse

278 2104 531 2157 praestitum.

390 2175 439 2229 37
461 2204 472 2225 ,
505 2190 545 2229 9.
585 2182 754 2213 ventura
782 2173 935 2228 sitisse]
984 2173 1049 2212 Sic
1086 2174 1270 2227 rescripsi
1308 2187 1400 2212 cum
1438 2171 1477 2211 Α
1505 2179 1546 2212 et
1582 2171 1615 2212 B
1643 2185 1719 2227 pro

276 2245 388 2301 vulg.
427 2256 597 2286 ventura
641 2261 739 2285 esse.-
790 2231 1036 2285 necessario:
1077 2259 1172 2284 nam
1211 2244 1435 2284 Cannutius
1475 2243 1517 2282 in
1556 2244 1718 2282 accusa-

275 2318 386 2357 tione
424 2317 658 2368 Scamandri
705 2331 750 2355 ea
789 2324 973 2367 tantum,
1022 2331 1124 2369 quae
1157 2316 1331 2370 perfecto
1369 2315 1523 2354 nefario
1550 2313 1718 2354 consilio

275 2389 381 2427 faeta
421 2389 580 2436 forent,
642 2402 956 2435 commemorare
1008 2389 1164 2440 potuit,
1206 2394 1244 2426 et
1270 2388 1311 2425 in
1350 2387 1436 2439 ipsa
1482 2385 1719 2438 repetitione

274 2461 495 2500 eorundem
522 2461 756 2511 verborum,
771 2474 875 2513 quae
901 2459 1021 2499 modo
1050 2459 1102 2498 ad
1131 2458 1397 2498 excusandum
1412 2455 1569 2511 prolata
1586 2463 1755 2509 erantst}

273 2530 495 2570 ludibrium
526 2530 729 2583 quoddam
757 2530 873 2569 inest.

385 2601 436 2640 38
460 2631 471 2651 ‚
503 2617 544 2656 7.
576 2610 657 2640 tota
685 2600 949 2655 accusatione]
997 2601 1174 2654 Optimis
1200 2602 1346 2641 nostris
1374 2597 1489 2638 codd.
1515 2597 1719 2652 egregiam

271 2669 394 2721 huius
423 2669 501 2719 loci
529 2671 851 2720 emendationem
881 2670 1097 2718 debemus:
1130 2670 1252 2725 vulgo
1279 2679 1317 2710 et
1343 2669 1586 2724 addebatur,
1604 2671 1719 2725 quasi
