1846 3178
312 158 378 223 42
915 155 1130 198 ORATIO
1842 119 1843 122 Ἴ

306 296 455 329 nunc
487 278 690 329 omitto:
725 290 982 329 accusatus
1014 292 1086 330 est
1108 278 1245 342 apud
1269 299 1368 341 eos,
1412 281 1504 351 qui
1519 283 1749 335 Scamffl

308 358 488 419 drum,
533 361 824 410 ministrum
847 359 1144 430 Oppianici,
1195 365 1245 412 C.
1273 363 1749 419 Fabricium'‚·oo'n-

217 449 271 491 60
303 440 462 491 scium
501 442 760 500 maleficii,
797 443 1210 493 condemnarant.
1278 446 1483 505 Utrum,
1518 461 1610 514 per
1629 445 1749 511 deos

308 523 637 572 immortalis!
674 523 830 589 magis
852 536 923 572 est
945 517 1251 583 mirandum,
1287 524 1426 591 quod
1450 525 1490 574 is
1512 521 1748 576 condem-

232 633 238 637 ·
306 617 457 654 natus
489 617 584 663 est,
618 622 684 652 an
713 602 852 670 quod
889 604 1096 653 omnino
1121 604 1420 673 respondere
1459 622 1606 655 ausus
1642 605 1771 655 est'2‘5

304 685 452 751 Quid
486 685 624 734 enim
658 686 736 734 illi
782 684 971 734 iudices
1015 686 1177 734 facere
1219 689 1529 754 potuerunt?
1578 688 1670 755 qui
1703 687 1744 738 si

301 769 588 818 innocentis
607 769 860 818 Fabricios
897 767 1333 827 condemnassent,
1371 781 1538 819 tamen
1565 770 1622 819 in
1638 771 1746 839 Op-

300 849 507 918 pianico
555 850 650 899 sibi
700 863 925 899 constare
969 862 1019 899 et
1068 850 1414 919 superioribus
1464 852 1746 902 consentire

301 930 507 982 iudiciis
557 933 859 982 debuerunt.
928 933 1006 982 An
1051 950 1166 981 vero
1214 932 1290 981 illi
1324 951 1412 981 sua
1445 946 1618 1000 perse
1649 933 1744 1002 ipsi

304 1013 497 1064 iudicia
531 1014 896 1073 rescinderent,
930 1032 1094 1080 quum
1125 1014 1278 1062 ceteri
1311 1016 1503 1064 soleant
1531 1015 1586 1064 in
1612 1014 1798 1065 iudi-10

301 1096 465 1145 cando
490 1115 554 1145 ne
579 1098 641 1145 ab
666 1097 885 1145 aliorum
910 1095 1111 1144 iudiciis
1134 1094 1430 1163 discrepent,
1449 1096 1743 1164 providere?

300 1187 352 1223 et
387 1176 452 1234 ii,
488 1178 580 1243 qui
608 1177 826 1225 Fabricii
853 1176 1120 1234 libertum,
1157 1176 1278 1242 quia
1306 1177 1536 1226 minister
1558 1178 1613 1227 in
1635 1196 1739 1228 ma-

298 1256 462 1306 leficio
488 1258 679 1317 fuerat,·
714 1271 987 1327 patronum
1005 1296 1017 1317 ,
1051 1258 1173 1325 quia
1199 1259 1423 1308 conscius
1445 1272 1586 1319 esset,
1619 1278 1737 1310 con-

299 1337 636 1396 demnassent,
689 1339 855 1406 ipsum
901 1338 1183 1407 principem
1218 1351 1370 1405 atque
1403 1337 1736 1391 architectum

297 1420 492 1468 sceleris
526 1420 866 1468 absolverent?
909 1432 958 1467 et
991 1419 1082 1486 qui
1116 1431 1323 1478 ceteros,
1360 1421 1504 1493 nullo
1537 1424 1790 1490 'praeiu-r5

297 1501 432 1550 dicio
467 1502 621 1557 samo,
677 1515 845 1552 tamen
878 1520 938 1550 ex
970 1502 1075 1570 ipsa
1110 1519 1254 1550 causa
1299 1503 1738 1563 condemnassent,

294 1583 466 1643 hunc,
510 1602 664 1651 quem
709 1584 786 1632 bis
834 1583 934 1630 iam
968 1582 1362 1631 condemnatum
1413 1598 1737 1654 acceperant,

217 1675 265 1717 61
299 1667 609 1715 liberarent?
655 1669 789 1714 Tum
833 1682 948 1714 vero
991 1664 1078 1712 illa
1124 1663 1313 1712 iudicia
1345 1668 1591 1716 senatoria
1626 1685 1734 1718 non

295 1748 420 1797 falsa
457 1747 673 1806 invidia,
728 1746 812 1795 sed
843 1763 957 1795 vera
991 1758 1144 1812 atque
1179 1747 1365 1814 insigni
1411 1750 1734 1817 turpitudine

293 1843 493 1888 notata,
542 1842 694 1896 atque
741 1841 914 1897 operta
956 1827 1197 1877 dedecore
1239 1843 1288 1878 et
1321 1828 1530 1881 ifflamia
1564 1830 1788 1881 defen—20

293 1913 422 1961 sioni
460 1913 628 1960 locum
664 1912 868 1979 nullum
894 1911 1224 1977 reliquissent.
1293 1912 1434 1975 Quid
1460 1913 1598 1960 enim
1621 1925 1731 1962 tan-

296 1994 411 2043 dem
447 1995 522 2042 illi
558 1993 748 2042 iudices
781 1991 1170 2060 responderent,
1206 1993 1245 2041 si
1270 1994 1383 2060 quis
1405 1995 1468 2043 ab
1495 1995 1554 2043 iis
1579 2011 1730 2062 quae-

293 2089 452 2125 reret:
505 2075 881 2124 Condemnastis
915 2074 1304 2124 Scamandrum:
1351 2095 1452 2144 quo
1486 2077 1729 2125 erimine?

409 2198 443 2227 1.
470 2185 538 2237 qui
566 2192 605 2223 et
624 2184 753 2228 Scam.
863 2199 900 2223 2.
929 2191 967 2224 et
993 2185 1224 2224 Fabricium
1339 2198 1400 2224 12.
1429 2193 1468 2225 et
1492 2184 1549 2225 illi
1665 2185 1727 2225 13.

399 2254 477 2278 om.
508 2247 608 2279 esset
777 2254 838 2295 ¹7·
863 2240 924 2279 bis
951 2241 1258 2280 condemnatum
1284 2241 1364 2279 iam

382 2350 412 2373 ι.
439 2350 534 2372 nunc
557 2352 626 2373 om.
652 2341 682 2374 B
755 2351 851 2373 nunc
877 2349 940 2384 ego
966 2340 1085 2372 omnia
1112 2341 1143 2373 A
1191 2339 1253 2386 qui
1282 2338 1532 2372 Scamandrum
1554 2336 1728 2372 ABbcd

285 2384 869 2439 efghiklmnopqrstude
928 2386 1052 2431 quiet
1077 2387 1191 2423 Scam.
1211 2387 1242 2420 R
1264 2387 1363 2430 vulg.
1477 2397 1506 2419 α.
1536 2384 1572 2418 C.
1595 2384 1723 2418 Fabri-

283 2434 447 2466 ciumAB
496 2433 696 2466 Fabricium
715 2433 734 2466 b
748 2445 765 2466 c
778 2431 941 2479 defghi
954 2433 1230 2479 klmnopqrs
1243 2440 1258 2465 t
1272 2444 1368 2465 uvw
1382 2443 1405 2463 α
1420 2429 1495 2470 δεζ
1542 2436 1578 2463 et
1594 2429 1713 2463 Fabri„

285 2480 379 2513 cium
406 2492 425 2512 a
458 2480 535 2513 rell.
563 2478 638 2512 pdd.
804 2482 835 2515 8.
878 2479 1094 2526 consentire]
1133 2479 1324 2513 consistere
1349 2478 1721 2525 abcpqrstuwag·

284 2533 447 2559 constare
471 2525 803 2572 clefghiklmno
852 2538 882 2570 9.
906 2526 970 2558 illa
1002 2527 1020 2558 h
1036 2539 1056 2558 ο
1103 2537 1167 2570 per
1190 2536 1227 2558 se
1252 2537 1317 2558 om.
1344 2526 1362 2564 ξ
1410 2525 1479 2568 ipsi
1505 2536 1570 2557 om.
1589 2536 1612 2558 ν
1665 2535 1717 2559 ιο.

282 2573 556 2616 perscinderent
578 2574 608 2606 B
654 2572 930 2618 perscinderunt
953 2574 983 2605 Α
1082 2585 1130 2606 12.
1159 2572 1185 2603 ii
1209 2571 1375 2618 ABglzi
1392 2572 1526 2604 lrstu
1599 2570 1636 2604 hi
1665 2569 1718 2604 ‘de

271 2616 329 2666 sk
342 2630 394 2651 no
444 2620 497 2651 illi
522 2620 590 2654 Ro
687 2622 736 2654 13.
764 2625 856 2653 essct
881 2619 960 2652 add.
987 2631 1030 2652 cx
1056 2620 1125 2652 AB
1269 2630 1319 2663 ¹7·
1346 2619 1416 2650 iam
1438 2616 1718 2650 condemnatum

281 2664 354 2699 AB
427 2665 528 2697 rond.
556 2668 624 2698 iam
651 2667 723 2700 ΠΟ
842 2678 895 2701 20.
920 2672 1067 2711 operata
1093 2673 1309 2711 aprstuw
1379 2670 1546 2708 cooperta
1570 2669 1637 2709 m'g.
1662 2661 1718 2697 ed.

288 2712 383 2791 ιίὃῖι.
413 2713 543 2745 Graev.
569 2724 650 2748 var.
675 2714 754 2750 lect.
782 2722 805 2746 σ
908 2725 961 2749 22.
986 2712 1249 2758 responderunt
1272 2715 1303 2747 A
1359 2712 1391 2745 si
1416 2710 1478 2758 qui
1499 2711 1718 2756 ABpmeu

283 2769 305 2791 a
387 2758 413 2792 in
437 2761 468 2793 A
