1846 3178
326 209 372 240 lv

438 318 673 359 Octodecim
693 319 774 358 sere
792 333 943 359 menses
965 326 1070 368 sunt,
1091 332 1213 373 quum
1241 301 1616 361 NIEBUHRJUS
1638 321 1753 374 (quae

329 414 387 447 est
426 406 634 460 singularis
663 407 745 446 eius
780 422 871 461 erga
901 422 962 446 me
995 406 1285 460 benevolentia)
1316 422 1360 447 ex
1390 407 1579 462 locupleti
1611 421 1683 448 suo
1712 408 1753 446 in

327 497 473 536 multos
500 496 700 535 Ciceronis
731 494 854 534 libros
887 502 1078 548 apparatu
1121 496 1257 534 critico
1295 494 1488 548 quidquid
1531 494 1582 533 ad
1609 494 1756 534 Cluen-

331 586 482 622 tianam
502 585 720 622 orationem
741 596 785 620 ex
806 582 1089 634 Lagomarsinii
1117 581 1385 621 voluminibus
1409 580 1630 620 incredibili
1664 579 1757 620 dili—

329 673 460 724 gentia
489 672 638 709 Romae
667 669 896 722 collegerat,
925 669 1024 707 mihi
1053 668 1373 722 pertractandum
1399 669 1500 707 etin
1526 681 1620 707 usus
1648 680 1759 707 meos

331 757 642 796 convertendum
674 756 889 807 concessit,
913 756 1081 794 'monens
1107 753 1246 802 simul,
1277 755 1471 808 insignem
1497 769 1579 794 esse
1606 761 1645 794 et
1664 768 1760 808 prae

331 842 418 882 aliis
457 844 647 897 dignam,
694 858 795 896 quae
834 851 1016 881 accurate
1055 844 1299 893 excutiatur,
1347 844 1466 882 unius
1507 842 1651 882 codicis
1689 856 1761 896 per

331 938 461 969 totum
499 930 676 968 libellum
719 929 897 969 lectionis
938 930 1185 969 varietatem.
1254 929 1373 968 Haud
1412 929 1640 968 dubitanter
1678 936 1762 968 tam

332 1015 538 1055 liberalem
571 1015 839 1055 conditionem
870 1016 1001 1070 accepi
1031 1030 1171 1069 meque
1199 1018 1389 1055 continuo
1419 1017 1469 1056 ad
1499 1015 1763 1070 peragendum

332 1117 478 1143 munus
497 1105 662 1142 accinxi.
721 1101 924 1141 Tenebam
944 1103 1064 1155 igitur
1090 1102 1368 1155 septemdecim
1395 1102 1576 1141 codicum
1593 1085 1764 1141 Floren-

332 1191 509 1228 tinorum
527 1196 751 1228 accuratam
772 1195 810 1226 et
829 1189 1023 1242 integram
1051 1188 1296 1239 varietatem,
1323 1170 1507 1228 selectam
1532 1173 1631 1227 ⁸vero
1659 1201 1760 1241 qua-

332 1277 556 1316 tuordecim
577 1283 755 1315 veterum
790 1274 1025 1313 editionum.
1086 1275 1176 1324 Qua
1205 1273 1414 1328 diligenter
1443 1275 1614 1328 perlecta
1640 1281 1681 1313 et
1700 1283 1769 1313 ex&

333 1375 456 1414 pensa
474 1362 606 1399 statim
621 1359 810 1411 intellexi,
826 1367 871 1398 ut
889 1367 1095 1398 monuerat
1114 1360 1221 1399 ΝΙΕ
1223 1360 1260 1399 Β
1267 1359 1417 1399 UHRI
1417 1360 1497 1412 US,
1517 1374 1641 1399 unum
1657 1359 1768 1399 codi-

335 1461 421 1486 cem
450 1447 549 1485 adeo
580 1454 671 1485 ante
699 1448 827 1485 omnis
865 1445 1122 1498 praecellere,
1160 1453 1206 1484 ut
1235 1460 1317 1485 non
1345 1446 1474 1500 solum
1502 1447 1647 1487 dubiae
1674 1447 1767 1486 fidei

339 1533 437 1573 locis
464 1532 818 1586 praestantissimas
853 1531 1022 1568 aliorum
1048 1530 1168 1571 MSS.
1195 1533 1409 1585 scripturas
1446 1541 1670 1574 constanter
1695 1547 1765 1573 ex-

338 1618 510 1671 hiberet,
541 1621 610 1659 sed
637 1620 771 1659 multis
792 1620 887 1658 locis
903 1649 912 1666 ‚
944 1621 1011 1671 qui
1031 1618 1152 1673 vulgo
1172 1621 1255 1659 sine
1283 1622 1502 1675 suspicione
1519 1621 1764 1676 legebantur,

341 1709 514 1761 egregias
543 1715 581 1746 et
619 1710 836 1761 insperatas
874 1707 1168 1747 emendationes
1196 1707 1302 1746 solus
1339 1708 1510 1748 afferret.
1571 1709 1656 1748 Iam
1683 1716 1771 1747 tum

342 1807 573 1846 persuasum
603 1795 699 1833 mihi
727 1794 947 1842 habebam,
989 1793 1088 1832 duas
1117 1808 1199 1833 esse
1225 1802 1416 1848 perpetua
1451 1796 1642 1836 varietate
1669 1795 1771 1834 inter

345 1894 386 1918 se
413 1879 645 1918 dissidentes
672 1879 861 1917 orationis
892 1887 1049 1920 nostrae
1078 1881 1347 1931 recensiones,
1394 1889 1434 1922 et
1471 1894 1557 1921 eam
1582 1879 1768 1933 quidem,

344 1979 446 2020 quae
472 1965 525 2003 ab
552 1966 734 2017 imperita
762 1979 882 2003 manu
912 1966 1090 2005 confecta
1129 1966 1244 2020 longe
1280 1966 1477 2020 plerisque
1515 1967 1668 2019 scriptis
1704 1979 1771 2005 ex-

354 2049 493 2104 emplis
531 2056 746 2104 propagata
774 2057 901 2100 esset,
939 2051 1058 2089 etiam
1096 2052 1138 2089 in
1168 2050 1379 2104 impressos
1417 2051 1540 2092 libros
1579 2052 1773 2106 principio

349 2138 567 2188 transiisse,
597 2150 669 2174 nec
692 2137 767 2174 nisi
793 2138 929 2188 paucis
947 2136 1043 2176 locis
1059 2146 1194 2190 postea
1221 2145 1438 2178 correctam
1469 2139 1521 2178 ad
1536 2137 1773 2177 hodiernum

347 2238 472 2279 usque
502 2223 608 2262 diem
635 2223 804 2277 vulgari.
834 2225 908 2263 Cui
928 2227 1144 2265 sententiae
1173 2228 1299 2265 maior
1316 2226 1412 2266 fides
1430 2227 1616 2271 accessit,
1649 2237 1774 2278 quum

348 2310 645 2364 palimpsestum
672 2311 958 2355 Tam-inensem
973 2341 983 2360 ‚
1025 2311 1274 2352 venerandae
1313 2311 1518 2352 vetustatis
1555 2311 1741 2351 volumen
1760 2341 1773 2360 ‚

352 2397 465 2435 cuius
508 2397 735 2435 orationum
765 2398 1114 2437 Ciceronianarum
1155 2398 1373 2450 fragmenta
1406 2399 1559 2451 egregia
1585 2411 1680 2438 cura
1707 2397 1770 2437 Cl.

353 2483 574 2536 Peyronius
602 2483 791 2531 contulit,
832 2485 1054 2537 saepissime
1081 2498 1171 2523 cum
1202 2484 1415 2537 praestanti
1443 2483 1576 2522 codice
1601 2481 1776 2522 Floren-

354 2569 439 2607 tino
479 2570 701 2609 consentire
733 2570 906 2609 viderem
922 2601 931 2618 ‚
978 2572 1098 2608 etiam
1139 2570 1207 2609 ubi
1249 2569 1359 2609 nulla
1400 2584 1445 2609 ex
1486 2570 1624 2609 ceteris
1663 2568 1775 2609 MSS.

356 2652 617 2707 discrepantia
645 2657 686 2695 in
720 2656 899 2695 notitiam
927 2661 1113 2705 venerat,
1150 2668 1353 2708 quumque
1379 2653 1496 2695 simul
1527 2651 1777 2693 animadver-
