1846 3178
0 0 59 94 ἓν
67 0 207 42 νέξ-μγ·

0 99 26 150 Ξὲ·
175 135 179 139 ,

562 143 674 184 PRO
707 139 761 182 Α.
785 137 1085 185 GL-UENTIO.
1459 168 1476 200 1
1493 154 1546 203 13

106 263 328 337 (ligibus,
370 259 450 319 vel
484 267 671 317 horum
714 267 986 327 similibus,
1023 260 1267 319 facillime
1301 273 1545 338 probatu-

106 362 341 412 ρατηερ-ει
382 350 524 400 omni
574 367 656 399 me
690 348 984 399 defensione
1015 368 1233 399 usurum
1267 368 1365 401 esse
1398 354 1542 422 legis:

106 452 218 504 φη,
240 450 399 483 ,nunc
442 445 503 482 ut
544 445 687 491 utar,
731 433 796 481 ab
831 451 913 491 eo,
948 434 1094 482 cuius
1128 434 1380 483 voluntati
1415 438 1545 486 mihi

103 513 562 586 obtemperandum
595 527 696 573 est,
733 534 840 565 non
873 515 1187 565 conceditur.
1260 517 1375 566 Non
1409 519 1550 568 enim
1583 528 1646 578 58

81 599 264 668 ssdaheo
293 598 544 658 dubitare,
559 598 762 658 iudices,
797 599 942 666 quin,
975 599 1015 647 si
1047 618 1150 667 qua
1183 600 1249 648 ad
1282 618 1364 650 vos
1399 619 1548 651 causa

104 681 352 746 eiusmodi
395 680 560 730 delata
603 679 668 729 sit
705 680 835 738 eins,
887 680 980 747 qui
1017 681 1124 747 lege
1157 699 1262 729 non
1300 693 1545 741 teneatur,

104 764 300 819 etiamsi
335 764 376 814 is
410 762 688 812 invidiosus
719 773 810 810 aut
853 762 1030 811 multis
1073 762 1290 812 offensus
1334 781 1433 812 esse
1475 765 1546 812 via

106 846 314 906 deatur,
349 845 545 896 etiamsi
579 862 699 894 eum
733 843 961 904 oderitis,
997 844 1193 894 etiamsi
1230 846 1376 915 iqviti
1408 848 1547 896 abso-

106 931 273 981 luturi
305 929 433 988 sitis,
471 941 642 978 tamen
675 927 938 999 absolvatis
950 950 963 990 3
1010 941 1062 978 et
1096 927 1331 994 religioni
1377 930 1547 997 potius

57 1020 317 1074 novam-ae,
351 1026 508 1076 quam
541 1008 658 1058 odio
692 1010 921 1076 pareatis.
991 1012 1079 1060 Est
1126 1010 1265 1059 enim
1307 1012 1546 1078 sapientis
1569 1023 1642 1078 159

105 1092 311 1155 iudicis,
361 1091 607 1158 cogitare,
659 1102 862 1140 tantum
897 1092 992 1141 sibi
1027 1111 1055 1140 a
1089 1093 1284 1162 populo
1320 1095 1547 1144 Romano

102 1190 205 1234 esse
234 1172 555 1243 permissum,
584 1185 841 1240 quantum
887 1174 1210 1224 commissum
1243 1177 1308 1226 sit
1352 1190 1403 1226 et
1445 1195 1550 1226 cre-

105 1255 305 1307 dit-umz
366 1267 418 1305 et
470 1274 578 1304 non
612 1257 776 1305 solum
841 1256 938 1306 sibi
995 1270 1295 1325 potestatem
1363 1260 1548 1319 datam,

103 1355 284 1388 verum
315 1337 470 1387 etiam
504 1336 656 1402 fidem
678 1337 908 1387 habitam
929 1356 1027 1388 esse
1055 1341 1360 1390 meminisse:
1395 1361 1548 1411 posse,

57 1427 262 1490 15quem
304 1419 496 1478 oderit,
542 1420 818 1469 absolvere:
867 1438 1022 1488 quem
1064 1439 1172 1471 non
1208 1423 1391 1483 oderit,
1432 1443 1551 1474 con-

107 1503 370 1556 demnare:
416 1515 468 1551 et
514 1519 737 1571 semper,
794 1521 902 1551 non
954 1502 1085 1570 quid
1131 1504 1236 1571 ipse
1277 1507 1423 1565 velit,
1465 1506 1552 1556 sed.

108 1585 239 1654 quid
270 1586 352 1634 lex
383 1597 436 1634 et
467 1584 644 1651 religio
679 1597 835 1651 cogat,
859 1585 1102 1651 cogitare:
1134 1586 1550 1647 animadvertere,

109 1687 233 1736 qua·
270 1669 379 1736 lege
430 1685 545 1716 reus
600 1668 816 1725 citetur,
872 1666 935 1715 de
988 1686 1091 1734 quo
1136 1685 1221 1716 reo
1273 1683 1550 1736 cognoscat,

109 1767 243 1818 quae
275 1767 352 1800 res
384 1750 442 1800 in
473 1750 766 1817 quaestione
800 1763 1037 1799 versetur.
1074 1751 1253 1819 Quum
1286 1751 1411 1800 haec
1431 1766 1553 1802 sunt

56 1829 356 1891 invidenda,
378 1843 506 1906 Ntum
537 1849 655 1880 vero
690 1830 824 1880 illud
856 1845 927 1881 est
972 1832 1194 1881 hominis
1237 1835 1422 1901 magni,
1475 1837 1554 1885 iu-

111 1914 244 1966 dices
268 1952 283 1976 ,
342 1928 498 1983 atque
549 1915 787 1984 sapientis
810 1952 822 1974 ,
875 1934 1039 1983 quum
1096 1916 1238 1965 illam
1286 1916 1554 1970 iudicandi

226 2095 261 2122 1.
292 2075 356 2122 vel
389 2091 530 2122 eoi-um
734 2079 849 2120 facile
1008 2081 1046 2125 6.
1089 2082 1318 2124 huiusmodi
1492 2098 1550 2127 125

221 2139 477 2180 commissum
508 2145 547 2177 et
575 2136 771 2176 creditum
799 2140 850 2176 sit

207 2315 235 2339 ι.
267 2303 395 2338 horum
423 2297 724 2350 AEBtdef’gnplq‘
751 2314 774 2334 α
870 2314 992 2336 eorum
1018 2304 1048 2338 R
1073 2303 1169 2349 vulg.
1267 2304 1462 2338 simillimis
1493 2304 1512 2337 h
1528 2309 1548 2339 c

111 2339 520 2400 dejghikzmp6·sc
685 2350 857 2383 facimme
896 2349 1177 2398 Asshmpqm
1259 2351 1364 2384 facile
1389 2353 1419 2385 R
1444 2352 1548 2397 vulg.

111 2399 144 2434 6.
175 2397 354 2432 eiusmodi
389 2399 421 2432 A
435 2397 496 2444 Rp
510 2409 589 2444 qrs
606 2404 619 2429 t
631 2408 654 2430 u
668 2407 694 2429 v
707 2408 730 2428 α
743 2406 760 2428 ε
863 2397 1069 2430 huiusmodi
1095 2399 1125 2432 R
1148 2398 1245 2442 vulg.
1404 2410 1436 2442 9.
1464 2400 1553 2431 reli-·

113 2443 283 2490 giouibus
308 2457 355 2470 -·-
379 2444 587 2478 vestrisAB
721 2456 771 2478 ιι.
798 2444 928 2477 iudicis
954 2445 1157 2477 meminisse
1185 2455 1222 2476 se
1248 2444 1554 2489 homiuem,cogi-

113 2496 192 2525 tare
214 2489 562 2535 ΑΒγδεζηικλν
664 2531 666 2534 y
726 2502 775 2524 12.
811 2493 1036 2524 commissum
1071 2491 1119 2524 sit
1155 2497 1191 2524 et
1220 2491 1395 2524 creditum
1425 2493 1469 2525 Π
1490 2482 1552 2533 (ele

118 2538 256 2582 &oum
283 2550 358 2572 non
381 2542 545 2581 constat)
580 2537 696 2575 αδεζ
712 2551 729 2579 η
744 2539 791 2576 ξτ
839 2549 961 2571 comm.
988 2544 1025 2571 et
1048 2538 1141 2571 cred.
1173 2539 1219 2571 sit
1242 2539 1318 2571 rell.
1346 2536 1426 2571 edd,
1498 2540 1551 2572 15.

116 2592 223 2629 quem
245 2605 290 2612 --
315 2585 552 2619 condemnare
578 2595 642 2618 om.
674 2587 702 2618 A
840 2586 889 2619 16.
915 2584 1004 2618 velit
1031 2586 1106 2628 ipse
1131 2597 1154 2630 p
1170 2594 1219 2615 αε
1372 2594 1417 2629 ¹7-
1447 2591 1551 2628 cogat

116 2640 180 2664 om.
208 2631 276 2666 AB
371 2644 423 2667 20.
452 2633 581 2668 iudicis
606 2630 1252 2679 ABbcdefghqustuvcstfeC
1348 2630 1545 2679 2=.atque]

116 2688 186 2726 que
210 2679 238 2723 r

1257 2747 1287 2792 s
