1846 3178
0 0 46 206 ἵ
692 117 935 158 cm'ricA.
1468 118 1557 171 ,55

97 253 184 298 quo
207 243 385 301 &avitas
410 241 604 282 orationis
631 248 740 282 certe
765 247 952 296 augetur,
988 245 1140 280 temere
1179 252 1202 278 a
1230 237 1405 280 librariis
1438 239 1558 281 inve-

97 319 212 370 ctum}
236 327 335 372 ως.

28 397 39 425 ὶ
213 398 276 446 {7-
305 393 349 430 ut
386 394 456 428 aut
483 385 578 426 iuste
598 388 743 443 pieque
782 383 997 440 acc-maret]
1057 384 1209 424 Iniuria
1247 396 1416 438 magnus
1444 383 1554 424 Gro-

97 448 245 513 mil'ls
271 454 325 500 de
350 454 430 497 hoc
459 456 550 497 loco
575 456 778 497 dubitavit
798 454 862 510 (ad
889 455 999 495 Plin.
1021 455 1217 495 XXXVI.
1258 454 1334 507 5.)‚
1362 461 1557 509 tanquam

86 528 297 587 3qmn⁸8fi0
325 529 466 569 matris
493 536 535 569 et
565 529 698 569 vitrici
726 530 866 583 utique
893 534 995 568 esset
1021 529 1144 582 impia
1171 535 1210 569 ct
1230 527 1378 567 iniusta
1396 556 1409 579 ,
1440 527 1555 568 ideo-

84 610 181 655 φὶς
198 597 415 654 legendum
444 602 627 641 censuit:
660 610 702 641 ut
730 610 800 641 aut
825 614 975 657 parum
998 600 1070 655 pie
1104 600 1298 655 iusteque,
1345 613 1422 654 pro
1464 613 1552 655 quo

89 669 173 710 Iac.
205 656 438 712 Gronovius
465 671 608 712 maluit
630 687 640 712 ε
672 680 715 712 ut
736 682 805 712 auc
824 687 903 713 non
937 674 1033 711 iuste
1054 673 1214 727 pieque.
1271 671 1325 711 At
1351 670 1464 711 nulla
1491 678 1552 712 est

85 741 276 797 ,nutandi
305 745 618 794 causa3iustitia
649 746 757 784 enim
785 751 825 783 et
844 743 971 798 pietas
991 743 1112 782 etiam
1134 744 1174 781 in
1201 741 1271 782 tali
1296 744 1551 784 accusatione

88 815 221 863 inesse
255 822 404 870 potest,
442 815 566 856 modo
605 830 700 856 cum
740 815 992 856 humanitate
1029 820 1069 853 et
1096 814 1265 853 veritate
1296 814 1546 867 instituatur,

87 886 199 942 quod
228 901 252 927 a
281 887 467 941 Cluentio
495 888 646 928 factum
675 901 760 927 esse
787 887 928 927 Cicero
957 884 1148 926 ostendit.

201 959 269 999 23.
304 968 344 999 et
366 960 432 998 illi
455 957 738 1014 condemnat-1]
813 958 936 1010 Quod
963 956 1186 997 Lambinus
1222 958 1344 997 tacite
1383 956 1550 1000 dederat

83 1030 173 1081 sive
210 1044 258 1071 ex
295 1033 526 1071 coniectura
578 1031 663 1070 sive
690 1044 736 1069 ex
764 1031 924 1084 egregio
953 1042 1026 1067 suo
1054 1027 1162 1077 MS„
1193 1026 1236 1066 id
1263 1040 1372 1066 nunc
1399 1027 1546 1068 confir-

87 1106 203 1154 mant
241 1100 386 1154 optimi
422 1102 564 1141 nostri.
622 1099 736 1139 N1hil
765 1107 846 1152 est,
885 1100 995 1155 quod
1024 1097 1152 1141 Orell.
1184 1098 1309 1138 alium
1336 1097 1472 1139 locum
1505 1114 1542 1140 c.

88 1183 159 1226 23.
172 1168 256 1226 ⁴(3:1-
287 1172 510 1224 comparari
544 1169 681 1211 iubet:
711 1185 817 1210 reum
846 1171 1106 1211 condemnari
1132 1193 1189 1202 —
1215 1185 1367 1210 necesse
1386 1172 1543 1221 fuisse.-

85 1254 183 1281 uam
215 1241 306 1296 quis
333 1242 513 1292 dubitet,
547 1244 826 1283 accusativum
851 1244 892 1282 in
923 1242 999 1283 hac
1025 1250 1226 1284 structura
1258 1249 1365 1282 stare
1398 1246 1546 1296 posse?

85 1311 212 1354 immo
243 1313 374 1354 multo
402 1315 587 1354 usitatior
614 1321 674 1354 est
715 1329 726 1354 :
756 1313 825 1354 sed
857 1314 1074 1369 oppositio,
1107 1328 1210 1369 quae
1247 1315 1360 1355 nulla
1391 1323 1451 1356 est
1499 1318 1544 1356 in

83 1383 157 1426 illo
180 1384 287 1438 loco,
305 1385 349 1425 h.
373 1386 399 1427 l.
411 1401 540 1440 quum
554 1386 797 1441 praecedant
811 1386 935 1427 hacc:
959 1396 1028 1426 auc
1043 1388 1133 1427 lmic
1150 1402 1348 1441 accusare,
1368 1388 1543 1429 alterum

89 1456 275 1497 dativum
303 1460 487 1512 requirit.
545 1459 624 1498 Nos
650 1465 794 1498 contra
817 1460 939 1498 tertio
980 1457 1069 1498 loco
1093 1473 1127 1498 c.
1158 1457 1226 1499 26.
1259 1474 1330 1516 7⁰·
1359 1459 1431 1500 ubi
1460 1462 1545 1514 ipse

86 1528 269 1570 Orellius
306 1543 400 1569 cum
447 1529 636 1570 omnibus
680 1529 775 1570 edd.
819 1529 1002 1570 dativum
1047 1531 1243 1571 retinuit:
1288 1532 1544 1586 quamobrem

87 1600 316 1657 Oppianico
342 1601 535 1641 damnari
569 1616 719 1642 neces-se
748 1603 819 1652 sic,
850 1616 897 1641 ex
925 1603 1088 1656 optimis
1116 1601 1230 1642 libris
1262 1610 1452 1658 quartum
1474 1619 1543 1647 ca-

82 1686 175 1715 sum
207 1675 472 1715 restituimus.

194 1745 274 1794 31,
306 1747 350 1788 5.
394 1744 563 1800 Veneri]
601 1745 714 1800 vulg.
761 1745 934 1786 Venerei
960 1760 996 1786 s.
1032 1746 1218 1788 Venerii.-
1252 1744 1355 1786 illud
1384 1754 1540 1788 autem»

79 1817 432 1872 praestantissimis
458 1819 579 1859 codd.
626 1819 831 1860 firmatum
851 1849 862 1867 ‚
903 1819 1086 1859 instituta
1133 1820 1381 1875 comparatio
1422 1821 1541 1860 unice

79 1888 263 1944 flagitat:
297 1890 353 1930 sic
377 1891 487 1930 enim
507 1891 712 1932 Martiales
729 1890 786 1931 illi
810 1892 851 1930 in
870 1891 1021 1930 familia
1040 1892 1183 1932 Martis
1203 1891 1538 1943 numerabantur,

79 1969 125 2001 ut
154 1964 198 2002 in
233 1961 369 2002 Sicilia
404 1963 522 2003 multi
555 1964 727 2003 ministri
770 1964 921 2018 publici
958 1965 1109 2003 Veneri
1131 1964 1174 2004 h.
1198 1978 1235 2004 e.
1265 1964 1308 2002 in
1341 1970 1540 2018 potestate

77 2035 166 2075 eius
198 2042 315 2076 erant
351 2043 392 2076 et
416 2036 636 2075 ministerio
673 2038 758 2075 eius
806 2038 862 2075 ita
901 2027 1076 2080 addicti,
1119 2044 1166 2076 ut
1195 2038 1357 2076 nonnisi
1395 2051 1418 2076 a
1450 2037 1539 2077 Dea

34 2119 204 2155 'umanu
238 2108 343 2147 mitti
394 2115 572 2162 possent.
653 2107 795 2147 Solum
830 2109 1107 2165 ,Veneriorum
1142 2123 1314 2157 nomen,
1357 2108 1538 2165 alioquin

75 2191 124 2219 ex
158 2179 342 2220 Verrinis
381 2166 478 2220 satis
520 2187 663 2219 notum
700 2188 740 2219 et
779 2157 999 2234 pffiatum
1028 2179 1147 2237 (Div.
1177 2182 1217 2221 in
1251 2181 1365 2224 Caec.
1395 2195 1433 2220 c.
1474 2196 1535 2236 ¹7·

75 2247 146 2293 55.
177 2249 298 2290 Verr.
342 2251 398 2292 11.
449 2265 486 2291 c.
519 2251 587 2293 58.
620 2264 690 2307 92.
722 2251 803 2294 Ill.
848 2266 885 2291 c.
918 2266 984 2291 20.
1018 2252 1080 2292 50.
1117 2267 1154 2292 c.
1188 2252 1254 2292 25.
1282 2252 1354 2293 61.
1392 2267 1428 2292 c.
1462 2252 1533 2293 26.

52 2319 147 2370 *650
169 2320 246 2378 *))
276 2322 327 2363 de
357 2322 435 2362 hoc
465 2336 571 2362 nexu
590 2321 693 2363 nihil
719 2323 846 2379 magis
874 2323 1081 2380 probaret,
1112 2338 1235 2379 quam
1260 2325 1391 2379 ipsum
1422 2325 1535 2365 Mar-

74 2391 235 2436 tialium
265 2408 429 2435 nomen.

149 2610 184 2658 ¹)
214 2613 468 2651 Inconstanter
500 2615 661 2652 Orelliuu
695 2617 814 2664 primo
849 2618 928 2653 loco
967 2617 1146 2655 Vener-eos
1179 2617 1345 2665 scripsit,
1406 2623 1533 2666 postea

217 2677 404 2715 Venerios.
