1846 3178
747 127 986 173 CR1TICA.
1483 135 1570 200 137

253 254 292 296 5.
327 254 393 295 Hs
410 253 559 308 CCCC]
620 253 864 293 »Lambinus
892 253 1081 294 adversus
1108 250 1199 292 edd.
1229 251 1359 290 omnis
1386 249 1574 290 emenda-

140 325 213 366 bat
244 325 423 365 XXXX
443 325 596 365 millia.-
643 325 752 378 quod
791 338 916 378 prope
951 337 1093 364 verum
1128 321 1330 362 videbitur
1355 321 1575 363 conferenti

139 410 230 452 cap.
275 411 334 439 to.
355 412 429 451 pro
459 397 643 437 Caecina.
718 398 858 452 Neque
908 405 1014 437 certe
1061 396 1152 450 plus
1195 396 1335 435 ceteris
1379 395 1575 446 accepisse

137 467 299 508 videtur
325 467 494 508 Falcula
522 483 567 508 ex
597 484 632 512 c.
665 482 730 521 27.
760 476 800 508 et
831 470 924 508 32.«
968 468 1033 507 Sic
1062 467 1317 506 Garatonius.
1362 464 1441 503 Sed
1471 463 1574 503 nihil

135 545 294 579 mutare
330 542 458 580 ausim
476 571 486 589 ,
529 543 624 594 quia
668 543 865 580 incertum
894 547 976 588 est,
1018 553 1068 578 an
1099 536 1340 578 Fidiculanii
1368 542 1574 575 accusator

134 609 302 660 eandem
331 611 614 666 corrumpendi
642 613 838 652 rationem
866 610 1124 666 perspexerit,
1141 623 1262 664 quam
1286 608 1426 647 Cicero
1453 606 1573 646 fuisse

133 680 354 720 contendit.

251 783 264 808 1
281 783 312 808 ι.
356 769 524 810 adducti
560 768 706 809 iudices
748 778 856 810 sunt:
906 768 987 811 scil.
1029 776 1074 809 ut
1113 769 1358 808 iudicarent:
1399 769 1573 810 eundem

134 837 249 878 verbi
279 853 397 879 usum
426 839 548 879 habes
577 841 628 879 ad
656 840 743 879 Att.
779 839 863 887 XI,
905 838 976 878 16:
1011 853 1079 891 ego
1115 853 1194 878 non
1221 840 1399 880 adducor
1436 855 1572 897 quem-

132 924 252 966 quam
276 911 416 951 bonum
443 913 567 952 ullam
597 913 757 952 salutem
777 921 919 968 putare
947 913 1047 950 mila·
1071 913 1172 950 canti
1196 912 1330 956 sitisse.
1390 913 1486 952 Fin.
1531 914 1568 963 Ι,

133 981 174 1022 5.
208 979 282 1033 14:
313 981 424 1021 Nam
451 983 556 1022 illud
580 983 736 1039 quidem
768 983 919 1022 adduci
955 982 1033 1021 vix
1064 995 1226 1037 possum
1247 1012 1257 1031 ‚
1301 991 1343 1022 ut
1380 996 1432 1023 ea
1470 993 1573 1040 quae

132 1053 292 1092 senserit
316 1053 403 1101 ille,
429 1053 502 1092 tibi
526 1067 605 1093 non
623 1067 720 1092 vera
746 1053 968 1094 videantur.
1016 1051 1178 1092 Adduci
1204 1054 1326 1107 igitur
1352 1053 1427 1093 hac
1455 1054 1572 1109 ellip-

130 1123 210 1163 tica
237 1124 394 1163 ratione
421 1125 565 1178 passivi
594 1124 726 1164 locum
755 1124 909 1164 obtinet
939 1124 1051 1164 verbi
1071 1126 1324 1180 persuadere,
1342 1140 1424 1179 quo
1453 1140 1571 1181 aegre

134 1203 244 1236 caret
271 1197 398 1236 oratio
442 1195 582 1237 latina.
670 1197 813 1251 ltaque
839 1212 920 1237 non
949 1211 1049 1251 opus
1078 1205 1135 1237 est
1167 1198 1352 1237 Ciceroni
1396 1197 1572 1238 insolens

134 1266 307 1307 verbum
355 1267 517 1308 addocti
559 1268 794 1317 obtrudere,
838 1269 947 1322 quod
988 1271 1121 1308 nescio
1158 1283 1207 1308 an
1245 1283 1443 1323 nusquam
1475 1269 1572 1311 alibi

63 1334 72 1346 '
131 1336 290 1391 legatur
325 1339 402 1378 nisi
441 1353 506 1393 ap.
551 1339 694 1379 Horat.
764 1340 894 1393 Epist.
935 1340 980 1388 l,
1020 1338 1060 1380 5.
1112 1340 1190 1382 18:
1231 1342 1459 1392 (ebrietas)
1493 1343 1570 1382 ad-

129 1409 244 1449 docet
283 1419 413 1462 arte53
459 1424 534 1450 nec
581 1412 665 1450 sine
702 1410 846 1450 idonea
880 1425 1017 1452 causa:
1049 1418 1107 1451 est
1149 1413 1288 1453 enim:
1317 1428 1441 1454 novas
1468 1415 1571 1455 artis

129 1481 252 1525 docet.
261 1494 263 1498 ⁴

242 1578 320 1633 75,
370 1589 431 1615 ια.
472 1575 696 1631 respondet]
766 1577 961 1628 Quamvis
999 1576 1199 1618 reluctans
1231 1580 1398 1634 paulum
1425 1584 1570 1623 recessi

127 1649 180 1691 ab
208 1652 454 1705 optimorum
481 1649 678 1690 librorum
717 1651 913 1704 scriptura
935 1681 945 1700 ‚
990 1651 1060 1704 qui
1108 1652 1311 1707 respondit
1350 1653 1565 1695 exhibent:

128 1723 198 1763 sed
234 1724 276 1763 iu
311 1723 660 1763 terminationibus
712 1730 876 1777 propter
922 1725 1158 1778 compendia
1203 1726 1423 1779 scripturae
1457 1741 1570 1766 error

127 1811 279 1850 pronus
307 1803 390 1837 est:
419 1809 606 1851 praesens
634 1803 805 1849 tempus,
827 1797 1094 1849 praecedente
1121 1796 1247 1838 altero
1274 1798 1387 1851 dicit,
1415 1799 1571 1838 ratione

127 1867 299 1923 flagitari
326 1868 554 1909 videbatur.
609 1899 613 1902 -

237 1962 317 2018 74,
350 1963 390 2003 3.
417 1977 472 2003 ex
500 1964 718 2003 hominibus
756 1963 867 2019 ipsis]
926 1963 983 2003 Ne
1012 1978 1138 2004 unum
1180 1963 1343 2018 quidem
1387 1964 1566 2005 codicem

123 2034 200 2076 sihi
247 2036 526 2076 assentientem
570 2036 747 2088 habent,
794 2037 863 2091 qui
907 2038 1124 2076 nominibus
1176 2037 1374 2077 dederunt
1391 2067 1403 2090 ‚
1442 2037 1487 2076 h.
1525 2051 1563 2078 e.

125 2106 352 2165 Naugerius
380 2117 420 2150 et
450 2110 521 2163 qui
548 2117 771 2163 sequuntur
799 2116 958 2163 praeter
984 2109 1229 2150 Lambinum
1258 2117 1297 2150 et
1327 2111 1566 2150 Graevium:

125 2183 195 2223 sed
227 2184 346 2222 etiam
374 2184 569 2222 sententia
595 2189 794 2236 receptam
816 2197 838 2221 a
859 2182 974 2222 nobis
993 2182 1204 2222 lectionem
1221 2182 1340 2222 unice
1372 2180 1568 2235 postulat:

127 2255 236 2296 nihil
263 2270 309 2295 ex
337 2254 569 2294 nominibus
596 2255 845 2308 probationis
875 2259 954 2311 peti
983 2263 1154 2310 poterat,
1168 2257 1244 2295 nisi
1270 2254 1378 2309 quod
1406 2254 1572 2295 nomina

122 2327 355 2368 hominibus
384 2325 628 2366 adhaerent:
660 2326 841 2366 homines
871 2327 1166 2378 describuntur,
1177 2327 1345 2367 virtutes
1371 2332 1411 2364 et
1434 2325 1569 2364 existi-

127 2401 322 2440 mationes
351 2413 521 2450 eorum3
551 2398 583 2438 si
610 2399 774 2438 nomina
806 2399 1023 2450 docerent,
1054 2398 1155 2439 nihil
1183 2399 1259 2438 nisi
1286 2399 1448 2438 nomina
1480 2395 1570 2436 dari

125 2471 338 2516 debebant.
406 2470 574 2511 Accedit
601 2469 711 2525 quod
749 2485 971 2525 pronomen
998 2472 1040 2511 1ιί
1083 2478 1153 2510 aut
1180 2470 1212 2511 ii
1229 2502 1240 2521 ‚
1284 2469 1395 2524 quod
1435 2471 1569 2509 statim

125 2544 322 2598 sequitur,
333 2542 477 2584 diserte
507 2543 559 2583 ad
584 2544 758 2584 homines
785 2544 1042 2584 referendum
1071 2551 1151 2583 est:
1173 2544 1214 2581 in
1235 2542 1360 2582 altera
1372 2542 1570 2595 scriptura

125 2619 199 2653 aut
224 2612 344 2667 plane
379 2613 552 2655 otiosum
591 2620 651 2654 est
691 2622 760 2655 aut
798 2614 1010 2655 molestum
1026 2646 1036 2665 ‚
1069 2612 1179 2670 quod
1207 2614 1406 2654 neminem
1433 2619 1570 2653 tamen

125 2683 395 2726 recentiorum
418 2685 683 2740 interpretum
710 2685 942 2727 commovit.
