1846 3178
314 213 405 274 194
873 205 1208 249 AnNoTA'no

305 325 571 380 superioribus
597 327 727 381 potuit
754 325 934 380 intelligi,
949 337 1069 380 quam
1099 327 1222 377 miles,
1252 327 1322 382 qui
1346 326 1468 376 locum
1496 338 1572 365 non
1591 319 1732 378 tenuit,

302 399 378 453 qui
400 399 562 437 hostiam
580 399 766 452 impetum
792 397 950 452 vimque
973 397 1198 451 pertimuit.-
1228 411 1348 450 quam
1374 395 1542 436 ridicule
1555 425 1567 448 ‚
1608 409 1728 436 nemo

302 483 384 507 non
412 470 544 509 sentit.
600 470 683 507 Iam
711 467 810 508 illud
839 468 945 507 nacti
972 482 1109 508 sumus
1126 497 1138 520 ,
1163 467 1271 522 quod
1296 482 1396 523 opus
1423 474 1536 520 erat,
1577 479 1726 507 novam

303 552 516 591 personam
543 552 708 591 eamque
736 545 825 591 apte
851 537 1069 576 definitam.

408 629 461 682 89
481 657 491 676 ‚
528 629 566 668 5.
598 637 638 668 ιιι
665 643 742 668 non
772 628 1058 668 animadvertes
1085 625 1202 682 cett]
1232 626 1393 681 Optime
1419 626 1459 669 h.
1491 626 1520 667 l.
1548 626 1725 669 Orellius

299 699 603 739 Lambinianam
638 701 831 739 rationem
860 699 986 738 futuri
1011 700 1200 753 temporis
1228 697 1541 748 (animadvertes,
1572 712 1721 756 carpes,

297 771 467 821 sortiere)
501 785 576 824 pro
604 771 865 812 coniunctivis
901 771 1158 820 restituendi,
1199 785 1222 809 a
1242 771 1380 810 ceteris
1402 778 1574 824 spretam
1597 771 1716 811 redu-

298 841 354 879 xit
371 870 383 892 ‚
423 855 587 894 eamque
618 843 772 895 egregia
796 856 868 881 sua
897 844 1123 882 coniectura
1156 844 1313 882 ornavit
1329 870 1341 892 ‚
1381 850 1422 882 tu
1447 843 1620 895 reposito
1649 855 1724 896 pro

297 911 460 965 vulgato
491 921 555 964 ut,
597 914 703 966 quod
737 913 956 953 Lambinus
997 914 1190 953 eiecerat:
1245 913 1324 951 iam
1360 912 1554 951 accedunt
1585 913 1726 967 optimi

297 981 451 1022 codices
489 982 540 1021 ad
574 998 711 1024 veram
746 985 956 1025 lectionem
994 983 1247 1024 firmandam.
1308 983 1419 1023 Velis
1455 990 1614 1035 tamen,
1651 995 1725 1037 pro

297 1067 376 1107 quo
400 1053 619 1093 Lambinus
641 1061 680 1092 et
701 1054 875 1094 Orellius
899 1055 1006 1093 voles
1031 1053 1227 1093 dederunt
1243 1082 1255 1103 ‚
1296 1052 1481 1106 equidem
1504 1065 1595 1091 cum
1613 1049 1724 1092 libris

297 1123 483 1163 omnibus
508 1124 759 1163 retinendum
784 1124 901 1164 duxi:
935 1123 1108 1177 intellige
1141 1123 1287 1162 modo:
1315 1132 1498 1178 utcunque
1524 1120 1638 1162 velis.

409 1217 472 1258 18.
501 1231 579 1256 non
614 1217 750 1256 eadem
779 1231 910 1271 poena
946 1217 1057 1269 cgffi'ci
1084 1222 1287 1273 oportere?
1338 1213 1605 1269 Convenitne]
1657 1214 1724 1265 Sic

292 1284 400 1324 hunc
425 1285 556 1324 locum
577 1285 774 1325 lenissima
799 1286 1072 1325 emendatione
1095 1287 1305 1326 constitui:
1344 1299 1438 1325 nam
1465 1284 1574 1325 haud
1599 1285 1721 1326 dubie

292 1354 442 1408 duplici
469 1355 664 1396 infinitivo
684 1386 694 1404 ‚
730 1371 848 1410 quem
867 1356 984 1409 longe
1005 1355 1183 1409 plerique
1203 1355 1317 1395 MSS.
1337 1362 1496 1396 servant
1509 1385 1520 1404 ‚
1558 1356 1599 1395 in
1617 1371 1720 1410 pau-

291 1426 349 1464 cis
376 1433 532 1465 tantum
558 1426 681 1466 altero
708 1441 780 1482 pro
811 1427 1064 1466 librariorum
1102 1426 1267 1466 arbitrio
1296 1428 1441 1478 eiecto,
1477 1440 1719 1480 quamquam

290 1495 475 1536 ferendus
504 1511 586 1536 non
618 1505 701 1537 erat
715 1528 726 1546 ‚
769 1498 903 1551 aliqua
929 1512 1048 1537 causa
1081 1505 1121 1537 et
1150 1499 1251 1537 ratio
1277 1498 1458 1537 suberat:
1502 1511 1623 1551 quam
1663 1488 1719 1539 sic

295 1564 491 1604 invenisse
518 1566 618 1605 mihi
651 1567 790 1606 videor
813 1598 823 1616 ‚
871 1574 917 1606 ut
953 1570 1167 1621 ingenuam
1206 1569 1442 1621 scripturam
1493 1570 1721 1608 convenitne

295 1637 546 1676 oscitantium
571 1637 792 1676 scribarum
821 1651 954 1676 errore
982 1639 1025 1677 in
1055 1637 1295 1677 infinitivum
1329 1638 1538 1677 convenire
1575 1637 1717 1680 abiisse

294 1712 480 1747 statuam.

399 1814 471 1855 90,
508 1815 569 1840 11.
608 1801 848 1841 multitudini
857 1820 868 1842 .-
907 1803 1059 1842 nemini
1095 1802 1248 1841 licitam
1276 1799 1346 1854 est]
1415 1800 1568 1840 Verum
1606 1801 1647 1842 h·
1681 1802 1711 1843 l.

294 1872 401 1919 (nam
429 1885 545 1909 nemo
572 1872 688 1913 facile
705 1873 754 1912 de
782 1875 948 1912 veritate
975 1872 1186 1924 dubitabit)
1204 1871 1276 1911 soli
1304 1871 1554 1925 palimpsesto
1570 1873 1715 1913 Tauri-

292 1944 404 1982 nensi
455 1943 666 1982 debemus:
710 1942 957 1995 corruptelae
988 1957 1059 1995 per
1098 1944 1229 1983 omnis
1273 1942 1427 1982 codices
1468 1945 1711 1995 permeantis

293 2027 412 2053 causa
449 2017 653 2068 quaerenti
682 2017 814 2053 statim
852 2022 1038 2067 apparet:
1083 2029 1177 2054 nam
1213 2016 1363 2069 primae
1395 2012 1548 2053 litterae
1586 2013 1713 2068 (nem)

292 2084 464 2124 restituti
488 2085 672 2125 vocabuli
697 2087 845 2125 nemini
872 2085 1122 2138 praecedenti
1145 2086 1297 2125 nomini
1328 2086 1617 2126 multitudinem
1641 2086 1714 2126 ad-

291 2156 524 2197 haeserunt:
577 2158 753 2210 reliquae
782 2159 876 2205 (ini)
915 2171 1006 2196 cum
1041 2157 1249 2210 participio
1277 2157 1423 2198 licitum
1452 2156 1713 2209 coaluerunt,

290 2227 399 2267 unde
415 2227 623 2283 vulgatum
672 2228 769 2267 illud
797 2229 976 2267 illicitzmz
1005 2235 1137 2267 ortum
1165 2235 1237 2267 est.

399 2334 446 2375 91
467 2351 479 2372 ,
511 2335 551 2360 2.
585 2322 658 2360 illa
695 2321 843 2361 iudicia
873 2321 1180 2376 reprehendisse]
1218 2321 1295 2360 Vix
1335 2327 1502 2374 usquam
1538 2321 1712 2374 apertior

290 2391 547 2430 librariorum
605 2406 718 2431 error
766 2393 1004 2446 reperietur,
1049 2406 1169 2445 quam
1201 2394 1244 2431 in
1279 2392 1415 2432 verbis
1446 2391 1549 2443 illis,
1607 2405 1710 2444 quae

291 2468 383 2501 ante
413 2461 612 2501 Orellium
647 2462 725 2501 huc
756 2465 908 2502 intrusa
941 2462 1197 2517 legebantur:
1231 2478 1318 2502 eum
1347 2463 1514 2518 equestri
1545 2462 1707 2501 ordine.-

288 2545 383 2571 nam
403 2531 540 2571 eadem
565 2531 684 2571 modo
710 2532 950 2585 praecedunt
972 2563 982 2583 ‚
1011 2546 1139 2585 neque
1168 2531 1252 2571 ullo
1279 2531 1398 2572 modo
1422 2530 1464 2570 h.
1487 2529 1516 2570 l.
1541 2530 1707 2584 intelligi

287 2610 468 2655 possunt.
509 2603 661 2642 Tamen
682 2617 817 2643 omnes
835 2604 951 2642 codd.
973 2611 1129 2656 praeter
1151 2602 1232 2656 pal.
1260 2602 1384 2646 Taur.
1405 2616 1451 2641 ea
1471 2601 1710 2655 agnoscunt‚’

288 2679 329 2713 et
347 2673 455 2727 quod
480 2676 604 2727 magis
633 2674 857 2714 mirandum
885 2682 967 2729 est,
1004 2682 1095 2714 ante
1121 2674 1349 2714 Ernestium
1374 2672 1543 2713 editores
1569 2686 1705 2713 omnes

288 2742 402 2785 facile
427 2758 471 2784 ea
493 2744 588 2783 tule1
597 2752 684 2785 unt.
