1846 3178
329 193 417 240 160
868 186 1198 227 Annorum

322 318 443 350 sunto.
503 309 638 361 Quare
675 308 771 348 illud
800 323 881 347 non
902 309 1121 348 'oscitantis
1155 307 1307 348 librarii
1335 309 1656 347 inventumesse
1683 305 1744 345 vi·-

322 380 514 431 debatur,·
534 380 644 435 quod
675 386 857 418 constans
889 377 1243 417 iureconsultorum
1270 392 1365 418 usus
1394 377 1578 432 probum·
1593 382 1634 416 et
1652 391 1655 395 ·
1672 388 1747 415 an·-

321 454 479 506 tiquum
505 466 587 492 esse
613 457 793 490 testatur.

432 544 484 585 25
504 574 515 594 ‚
550 556 585 582 1.
616 544 722 582 cuius
743 540 899 598 filium]
955 541 1015 580 Ex
1045 541 1287 594 optimorum
1316 540 1433 580 codd.
1465 539 1743 595 etpal.Tam'.

321 630 514 656 consensu
557 617 771 668 ingenuam
811 615 1047 666 scripturam
1088 613 1356 663 restituimus«,
1381 624 1502 665 quam
1527 624 1748 665 pronomen

322 701 410 726 eum
436 687 550 726 initio
606 684 822 739 apodoseos
866 686 1038 737 positum
1083 685 1304 723 necessario
1350 681 1514 736 flagitat.
1583 681 1748 735 Vulgati

321 759 467 798 erroris
493 762 628 812 (quum
645 757 745 804 eius)
771 770 888 795 causa
919 757 960 794 in
981 755 1234 793 coniunctivo
1244 755 1406 806 faceret
1430 753 1555 806 posita
1580 766 1664 792 esse
1688 753 1750 792 vi-

323 829 441 868 detur
458 858 469 879 ,
496 829 566 882 qui
594 835 725 866 tamen
756 827 922 880 eleganti
951 834 990 866 et
1018 818 1110 865 satis
1132 832 1230 864 noto
1257 839 1330 864 usu
1358 837 1580 878 pronomen
1615 822 1761 863 retati-·

326 913 425 938 vum
457 899 661 953 sequitur,
704 898 773 937 ubi
802 900 862 937 vis
889 899 1180 936 coniunctionis
1207 911 1322 951 quum
1353 897 1392 935 in
1424 896 1470 935 eo
1499 895 1622 948 latet;
1656 894 1750 935 vi‘de

328 969 450 1009 modo
476 985 512 1009 c.
550 970 609 1013 15.
638 969 703 1022 4ο.
730 970 775 1008 L.
802 969 962 1008 Clodius
980 999 991 1019 ,
1018 969 1091 1023 qui
1116 976 1385 1023 properaret,
1420 967 1597 1019 cuijbra
1629 966 1752 1006 multa

321 1050 523 1080 restarent.

433 1122 474 1174 [4.
505 1137 583 1162 non
609 1123 721 1175 longe
743 1124 878 1161 animo
899 1123 1166 1177 prospexisse]
1200 1120 1348 1160 Addita
1380 1137 1422 1162 ex
1457 1122 1616 1176 optimis
1632 1120 1748 1160 MSS.

322 1191 532 1247 negatione
571 1209 707 1233 veram
736 1194 854 1233 huius
893 1193 968 1232 loci
996 1195 1188 1232 rationem
1219 1199 1479 1232 restauratam
1514 1207 1599 1233 esse
1625 1193 1752 1233 confi-

298 1266 469 1316 dimus,
510 1265 622 1303 cuius
657 1265 716 1302 vis
755 1264 793 1301 in
824 1278 870 1302 eo
906 1265 1097 1314 cernitur,
1123 1271 1168 1301 ut
1195 1264 1407 1317 Oppianici
1439 1263 1604 1303 audacia
1632 1265 1752 1312 etiam

323 1338 591 1376 cautissimam
619 1336 870 1390 prudentiam
899 1334 1058 1374 elusisse
1086 1335 1331 1377 ostendatur.
1367 1334 1472 1374 Illud
1500 1336 1620 1388 igitur
1638 1335 1753 1374 initio

321 1408 454 1461 posuit
493 1413 651 1446 orator:
691 1406 800 1461 Quid
815 1407 863 1444 de
890 1406 1113 1461 Oppianico
1129 1404 1344 1460 suspicatus
1368 1408 1418 1445 sit
1435 1405 1612 1458 Magius,
1638 1406 1751 1445 vide—

321 1479 397 1517 tis.-
432 1478 531 1533 quid
566 1477 820 1528 iudicaverit,
864 1478 1065 1516 obscurum
1097 1491 1175 1515 uon
1207 1485 1262 1515 est
1295 1476 1338 1515 h.
1369 1491 1405 1515 e.
1431 1477 1524 1515 satis
1551 1489 1644 1515 eum
1674 1477 1752 1515 im-

322 1548 515 1587 minentia
541 1547 716 1601 pericula
743 1548 977 1601 providisse,
999 1549 1165 1601 quisque
1196 1546 1455 1586 contenderit.
1487 1546 1592 1585 Tum
1604 1553 1752 1597 autem,

320 1627 367 1658 ut
412 1627 615 1673 appareat,
652 1627 847 1672 quantum
891 1620 1102 1672 Oppianici
1141 1620 1253 1658 furor
1299 1618 1518 1673 quamlibet
1559 1618 1754 1659 cautelam

320 1691 476 1728 irritam
496 1689 651 1741 fecerit,
666 1689 719 1728 sic
746 1691 895 1742 pergit:
934 1690 1046 1744 Quid
1060 1689 1308 1744 Oppianicus
1322 1691 1488 1742 ficerst,
1513 1694 1724 1744 cognoscite
1737 1694 1756 1731 ,¹

323 1759 420 1814 (hoc
458 1762 562 1799 enim
587 1774 707 1799 nemo
732 1768 905 1799 vestrum
939 1762 1214 1813 suspicabitur)
1243 1771 1283 1800 ut
1324 1762 1437 1800 illum
1471 1761 1654 1815 Magium
1686 1763 1761 1801 in-‘

323 1830 511 1882 telligatis
540 1845 619 1869 non
668 1831 780 1883 longe
815 1832 953 1870 animo
983 1832 1235 1886 prospexisse
1253 1833 1504 1871 morientem:
1536 1847 1629 1872 nam
1659 1846 1751 1887 pro-

323 1902 448 1955 spexit
483 1915 577 1940 sane
621 1900 730 1953 quod
767 1900 963 1939 instabat:
997 1901 1066 1939 sed
1097 1916 1178 1940 non
1219 1900 1336 1955 longe
1362 1902 1583 1955 prospexit,
1613 1909 1653 1942 et
1685 1915 1754 1942 su-

322 1974 445 2027 spicio
482 1973 565 2011 eius
595 1973 778 2025 quamvis
812 1973 914 2011 iusta
934 2003 946 2022 ,
988 1979 1121 2011 tamen
1161 1986 1242 2011 non
1274 1974 1370 2012 satis
1402 1973 1571 2028 provida
1610 1973 1686 2014 fuit
1710 1975 1753 2012 in

329 2044 401 2084 tali
433 2043 613 2091 audacia..

435 2150 502 2175 21.
532 2134 702 2175 Asuvii:
735 2136 838 2175 hanc
866 2137 1039 2176 nominis
1071 2137 1239 2177 formam
1266 2137 1446 2178 dedimus
1470 2152 1515 2179 ex
1547 2152 1752 2193 compara-

322 2211 437 2249 tione
459 2208 885 2261 praestantissimorum
903 2207 1098 2247 librorum
1114 2223 1125 2259 ;
1144 2209 1186 2247 h.
1213 2209 1243 2248 l.
1270 2210 1434 2263 quidem·
1454 2210 1492 2249 A
1510 2217 1549 2250 et
1567 2211 1754 2250 Bnomen

324 2282 530 2330 omittunt,
548 2291 682 2317 errore
711 2277 819 2315 haud
843 2277 988 2328 dubie3
1023 2278 1091 2317 sed
1119 2293 1208 2317 mox
1229 2294 1271 2332 p.
1287 2279 1355 2330 26,
1381 2295 1394 2319 1
1409 2295 1442 2319 1.
1457 2288 1636 2333 uterque,
1653 2281 1756 2319 sicut

323 2359 363 2392 et
388 2352 514 2390 Taur.
531 2380 542 2401 ‚
582 2352 712 2402 primo
735 2363 828 2387 casu
849 2349 992 2388 diserte
1020 2350 1190 2389 Asuvius
1243 2351 1451 2390 exhibent:
1492 2351 1689 2405 genitivus
1707 2339 1755 2390 ‘in

321 2423 445 2464 Taur.
474 2421 576 2461 Asai
597 2420 660 2459 vel
691 2420 819 2459 Asuvi
855 2420 1056 2471 scribitur,
1100 2423 1141 2459 in
1194 2423 1338 2462 nostris
1369 2422 1522 2462 duobus
1543 2422 1656 2462 Ascii
1691 2421 1756 2461 vel

321 2494 488 2544 Asuivi‚
539 2493 647 2546 quod
697 2492 834 2531 eodem
866 2493 1000 2543 redit3
1040 2494 1145 2533 Asai
1188 2502 1320 2533 autem
1355 2501 1414 2535 est
1447 2507 1470 2532 a
1507 2494 1756 2533 nominativo

322 2565 482 2604 Asuius:
516 2579 609 2603 nam
639 2587 673 2594 --
695 2564 779 2602 uias
806 2571 905 2602 ct—
927 2565 1036 2603 uvius
1058 2566 1097 2603 in
1144 2568 1350 2606 nominum
1382 2565 1659 2609 terminatione
1693 2565 1755 2603 in-

320 2644 383 2674 ter
416 2649 457 2674 se
493 2641 814 2674 commutantur:
853 2633 962 2687 quod
1005 2633 1111 2673 idem
1148 2634 1193 2674 fit
1230 2637 1272 2674 in
1321 2635 1519 2686 Pacuvio,
1555 2637 1754 2686 Lanuvio,

323 2695 534 2746 similibus.
