1846 3178
306 220 367 271 50
906 221 1115 262 ORATIO

227 365 271 406 7¹
305 343 462 392 mus.“
491 345 638 413 Capit
668 343 765 392 hoc
799 345 1006 402 consilii,
1029 357 1089 394 ut
1121 346 1387 413 pecuniam
1419 340 1724 411 quibusdam

303 421 559 474 iudicibus
591 424 843 473 levissimis
860 425 1182 492 polliceatur:
1217 423 1398 472 deinde
1420 440 1529 472 eam
1556 435 1724 492 postea

300 506 606 573 supprimat:
640 518 714 567 ut,
738 505 981 572 quoniam
1014 505 1171 571 gravis
1190 505 1416 554 homines
1435 523 1523 554 sua
1547 515 1725 573 sponte

299 603 463 636 severe
510 585 823 635 iudicaturos
858 587 1083 654 putabat,
1109 603 1200 645 eos,
1231 587 1322 653 qui
1345 587 1549 636 leviores
1563 597 1721 644 erant,

299 666 621 716 destitutione
655 669 805 717 iratos
840 669 1124 736 Oppianico
1158 667 1399 716 redderet.
1432 671 1624 735 Itaque,
1658 670 1745 716 ut5

298 762 406 798 erat
437 767 629 818 semper
661 763 1007 819 praeposterus
1040 763 1192 817 atque
1223 766 1492 818 perversus,
1513 748 1721 797 initium

297 831 419 879 facit
451 850 480 879 a
516 833 704 891 Bulbo,
740 845 789 881 et
821 849 963 890 eum,
996 831 1136 898 quod
1170 829 1363 879 iamdiu
1396 829 1530 878 nihil
1569 845 1721 896 quae-

296 914 473 971 sierat,
510 914 701 962 tristem
733 926 885 980 atque
918 914 1236 971 oscitantem,
1280 909 1457 961 leriter
1489 910 1718 979 impellit.

294 993 468 1057 „Quid
503 996 621 1043 tu?“
654 995 852 1061 inquit3
885 994 1098 1061 „ecquid
1125 1013 1204 1043 me
1237 993 1454 1052 adiuvas,
1468 993 1642 1050 Bulbe,
1655 1008 1719 1049 ne

293 1075 445 1141 gratis
492 1074 800 1143 reipublicae
833 1077 1100 1126 serviamus
1115 1078 1165 1125 '?“
1240 1077 1333 1125 Ille
1379 1092 1524 1131 vero,
1567 1073 1772 1122 simulm

293 1169 445 1223 atque
459 1157 553 1206 hoc
570 1157 765 1206 audivit
812 1176 886 1206 ne
920 1176 1024 1223 gra
1045 1159 1149 1207 tis:
1184 1158 1330 1221 „Quo
1347 1153 1717 1221 voles“,inquit,

291 1255 527 1305 „sequar-2
573 1239 658 1287 sed
690 1239 817 1306 quid
852 1241 1065 1288 affers?“
1128 1242 1259 1288 Tum
1303 1239 1349 1287 ei
1382 1235 1718 1305 quadraginta

291 1319 476 1380 millia,
510 1320 549 1368 si
587 1333 709 1368 esset
741 1320 997 1368 absolutus
1043 1319 1379 1387 Oppianicus,
1424 1316 1717 1385 pollicetur:

292 1411 342 1447 et
374 1415 504 1460 eum,
540 1411 599 1447 ut
633 1412 818 1447 ceteros
851 1399 1082 1466 appellet,
1105 1399 1408 1464 quibuscum
1431 1396 1572 1463 loqui
1595 1413 1715 1447 con-

290 1491 492 1537 suesset,
544 1492 710 1546 rogat:
757 1494 909 1549 atque
951 1481 1102 1530 etiam
1149 1480 1250 1548 ipse
1294 1479 1527 1529 conditor
1561 1477 1766 1527 totius15

293 1561 479 1627 negotii
513 1562 724 1610 Guttam
759 1563 1009 1630 adspergit
1045 1562 1164 1610 huic
1198 1562 1370 1610 Bulbo.
1412 1563 1590 1627 Itaque
1622 1558 1717 1608 mi·
1755 1556 1757 1559 ⁸

292 1643 428 1690 nime
477 1661 675 1694 amarus
718 1645 776 1693 iis
820 1645 949 1692 visus
996 1658 1092 1703 est,
1139 1643 1230 1711 qui
1274 1641 1472 1708 aliquid
1517 1658 1577 1688 ex
1608 1640 1716 1688 eius

267 1743 519 1795 ¹sermone
555 1727 783 1794 speculae
816 1725 1147 1793 degustarant.
1192 1727 1332 1773 Unus
1366 1734 1415 1772 et
1448 1723 1575 1771 alter
1609 1719 1713 1769 dies

289 1807 649 1866 intercesserat,
696 1825 858 1874 quum
906 1824 981 1855 res
1029 1825 1210 1875 parum
1252 1817 1385 1853 certa
1420 1802 1708 1851 videbatur:

285 1901 536 1955 sequester
570 1900 620 1936 et
663 1888 986 1936 confirmator
1031 1888 1274 1955 pecuniae
1320 1883 1766 1933 desiderabatur-20

285 1971 419 2017 Tum
451 1969 673 2037 appellat
706 1969 868 2017 hilaro
904 1969 1050 2017 vultu
1085 1968 1341 2016 hominem
1391 1965 1598 2022 Bulbus,
1649 1975 1710 2013 ut

285 2047 619 2117 placidissime
651 2061 834 2117 potest:
868 2046 1042 2112 „Quid
1080 2049 1180 2108 tu,“
1223 2047 1421 2114 inquit,
1474 2044 1710 2105 „Paetei‘“

404 2181 438 2205 1.
472 2166 680 2205 consilium
788 2167 828 2219 4.
860 2166 948 2218 hos,
977 2167 1061 2220 qui.
1155 2178 1212 2219 17.
1242 2165 1272 2204 is
1303 2166 1409 2204 visus
1436 2169 1495 2203 est
1554 2153 1614 2205 182
1638 2160 1709 2202 de·-

397 2228 574 2275 gustarat
684 2235 747 2261 21.
776 2222 895 2261 hilari
1005 2229 1050 2260 ut
1076 2220 1330 2260 blandissime

383 2341 412 2368 1.
437 2329 580 2363 consilii
603 2328 699 2367 ΑΒξ
800 2326 988 2360 consilium
1011 2326 1040 2360 R
1066 2325 1167 2370 vulg.
1284 2333 1315 2357 ο.
1340 2320 1477 2367 postea]
1525 2319 1646 2364 potius
1682 2329 1708 2351 α

284 2377 517 2422 polliceretur
586 2387 610 2414 ς
749 2375 783 2409 3.
812 2378 853 2406 ut
886 2383 952 2410 om.
986 2373 1056 2407 AB
1315 2369 1346 2412 4.
1375 2377 1435 2402 eos
1473 2368 1519 2398 H
1549 2373 1709 2419 ‘praeter

285 2436 421 2457 mow:
451 2422 528 2462 δεζ
632 2420 697 2454 hos
730 2431 838 2453 mow
859 2420 958 2464 vulg.
1060 2430 1092 2463 9.
1119 2416 1207 2462 quin
1232 2421 1308 2449 tum
1335 2427 1358 2447 α
1458 2411 1586 2457 etquid
1631 2411 1705 2445 AB

286 2471 372 2502 abc
389 2467 700 2516 efghrstuvoe
748 2476 790 2500 eo
839 2465 927 2511 quid
974 2463 1086 2499 iklw
1109 2463 1160 2505 fici
1187 2470 1280 2497 recte
1306 2467 1464 2495 notatum
1487 2461 1555 2500 est)
1653 2468 1706 2491 ιι.

285 2515 371 2562 quo]
402 2516 499 2562 quod
526 2516 598 2549 AB
657 2524 748 2559 quae
796 2522 819 2543 α
927 2523 976 2544 12.
1003 2511 1070 2544 Hs
1094 2509 1223 2545 XXXX
1246 2508 1348 2542 milia
1393 2507 1426 2540 A
1523 2505 1560 2536 15
1595 2509 1705 2548 atque

282 2573 348 2594 om.
376 2573 399 2593 α
497 2563 549 2595 16.
572 2563 722 2595 Guctam
748 2558 831 2591 Bei
877 2556 1014 2603 itaque]
1044 2558 1091 2589 ita
1118 2565 1168 2594 ες
1266 2567 1315 2599 ¹7·
1341 2563 1463 2587 avarus
1490 2551 1707 2584 ABor-stu

281 2608 326 2640 iis
350 2608 446 2641 ABb
475 2610 607 2651 (cor-ry
655 2607 683 2639 is
707 2606 779 2641 ΒΟ
921 2607 970 2639 18.
997 2602 1162 2648 speculae
1185 2602 1254 2635 AB
1277 2600 1378 2646 συντ.
1411 2601 1456 2641 3)
1492 2596 1705 2677 ικλμῇξο

280 2665 340 2698 πρ
356 2662 408 2686 στ
499 2665 562 2697 spe
588 2652 691 2697 gulae
723 2653 752 2686 R
779 2653 870 2694 αβγ
887 2649 999 2695 δεζμ
1023 2649 1251 2693 degustarant
1269 2647 1341 2680 AB
1397 2646 1597 2696 degustarat
1675 2641 1706 2674 0

283 2696 337 2736 ai.
362 2699 467 2732 hilari
492 2701 560 2733 AB
612 2699 719 2732 hilari
741 2698 810 2732 Ro
924 2708 977 2730 22.
1005 2694 1240 2740 placidissime
1269 2693 1336 2726 AB
1381 2690 1613 2725 blandiss1me
1634 2687 1706 2722 Ro

282 2747 376 2780 Pete.
428 2746 496 2779 AB
591 2746 713 2779 Pacete
754 2740 1308 2789 abchinopqrustuadssxp
1396 2738 1526 2772 Facete
1557 2731 1703 2780 desgk

284 2793 328 2826 le
420 2792 491 2825 sibi
516 2803 580 2826 om.
610 2802 634 2831 ς
