1846 3178
0 0 63 77 w}
87 21 91 28 .

6 53 46 118 rj*
71 79 75 81 ’

0 110 18 224 5

729 122 968 164 ciu'rioA.
1476 119 1562 170 151

123 248 262 291 etnim
289 247 418 292 verbo
437 247 602 290 Sallust.
629 246 756 287 Catil.
787 261 824 286 c.
864 260 939 286 12:
967 242 1191 301 pudorem,
1216 239 1470 296 pudicitiam,
1502 240 1569 280 di-

119 320 364 376 virumque
390 317 562 359 bumana
585 319 823 373 promiscua.

206 388 302 432 45.
335 390 527 432 ominibus
567 388 762 444 omnium]
824 389 942 428 Hunc
975 387 1108 427 locum
1153 385 1232 424 iam
1266 383 1421 438 pridem
1462 391 1569 424 recte

124 463 166 503 in
198 457 406 502 veteribus
445 460 538 502 edd.
587 463 851 501 constitutum
896 459 1092 498 Graevius
1121 457 1255 496 denuo
1283 455 1470 506 vexavit,
1498 457 1569 508 qui

120 530 332 572 :mitem-is
369 531 431 571 sui
479 519 627 571 codicis
674 531 914 570 auctoritate
960 530 1105 567 ductus
1158 529 1331 567 omnium
1359 513 1565 580 expunxit,

118 589 276 643 nullum
314 602 436 644 huius
479 605 647 659 genitivi
687 602 822 645 locum
859 616 943 642 esse
982 614 1173 641 censens:
1217 600 1286 639 sed
1323 601 1448 639 miror
1475 613 1572 639 eum-

117 686 202 714 non
227 675 378 716 vidisse
396 676 659 730 oppositionis
685 660 804 715 eausa
834 674 1055 727 genitivum
1081 670 1274 721 bmnium,
1303 685 1429 724 quum
1451 685 1574 725 prae-.

117 745 263 785 aedunt
291 745 387 786 illa:
437 746 557 786 nullis
584 746 824 802 auspic-ihm,
856 744 978 783 nullis
1005 741 1224 781 auctoribus
1239 770 1250 791 ‚
1279 756 1402 797 prope
1429 757 1574 783 neces--

114 819 222 858 sario
259 819 435 873 requiri:
478 833 605 873 quum
641 832 757 858 nemo
796 818 907 856 testis
936 822 975 854 et
1003 821 1144 854 auctor
1173 813 1460 854 sceleratarum
1490 829 1572 854 nu·-

110 891 292 947 ptiarum
325 905 410 932 esse
437 890 586 940 vellet,
635 903 767 930 omnes
813 902 879 928 eas
924 887 1110 926 infaustis
1137 886 1319 940 auguriis
1345 900 1564 941 proseque—

114 961 278 1006 bantur.
307 963 412 1004 Cum
440 962 559 1018 longe
586 961 789 1016 plerisque
821 960 1055 1008 MSS.(nam
1083 959 1154 1012 qui
1181 958 1356 1003 omnibu-5
1379 959 1570 999 exhibent

115 1046 194 1088 pro
236 1034 428 1075 ominibus
455 1064 467 1083 ‚
524 1048 606 1073 non
653 1047 749 1074 vere
795 1032 1054 1086 dissentiunt)
1105 1033 1225 1071 etiam
1269 1029 1570 1083 Quinctilianus

115 1105 211 1147 facit
238 1104 314 1157 IV,
343 1120 390 1155 2,
429 1119 518 1146 12¹.

233 1191 308 1226 12,
332 1178 374 1229 4.
405 1192 536 1218 nonne
571 1176 750 1232 timuisti]
784 1178 823 1220 h.
862 1178 887 1218 l.
918 1180 1039 1218 etiam
1077 1185 1217 1217 contra
1246 1175 1567 1228 Quinctilianum

113 1259 208 1289 cum
235 1249 398 1304 optimis
431 1248 547 1290 libris
574 1250 780 1304 vulgatam
809 1251 1052 1304 scripturam
1091 1254 1189 1297 (non
1224 1249 1415 1299 timuisse)
1455 1247 1568 1287 dese-

114 1320 284 1361 rendam
302 1321 504 1361 duximus:
534 1321 636 1361 nihil
665 1323 773 1361 enim
793 1323 987 1362 orationis
1005 1322 1201 1376 gravitate
1215 1320 1372 1375 dignius
1389 1320 1566 1368 videtur,

113 1406 238 1448 quum
276 1401 350 1446 ut,
393 1395 538 1434 omissa
579 1394 757 1434 iudicum
793 1394 1083 1449 appellatione,
1121 1395 1235 1447 quasi
1269 1394 1328 1432 rei
1359 1394 1568 1432 atrocitate

116 1473 319 1506 commota
345 1466 398 1506 ad
427 1468 557 1520 ipsam
585 1466 758 1506 Sassiam
788 1473 1062 1514 convertatur,
1096 1464 1241 1505 deinde
1269 1463 1396 1503 veluti
1425 1463 1567 1518 culpae

114 1539 357 1578 conscientia
406 1538 482 1578 ista
519 1538 767 1578 obmutuerit
790 1567 802 1589 ‚
846 1540 997 1578 maiore
1037 1538 1294 1578 contentione
1326 1537 1377 1576 ad
1418 1537 1567 1576 iudices

111 1609 269 1651 mdoe‘tt
298 1607 502 1664 Petsregie
530 1624 579 1649 ae
595 1612 821 1665 prostravit
847 1618 939 1654 cett,
997 1610 1154 1649 Eodem
1183 1609 1361 1649 remedio
1389 1608 1495 1648 infra
1526 1624 1562 1649 c.

113 1679 180 1726 65.
217 1680 310 1724 182.
337 1681 459 1721 simili
487 1681 577 1721 loco
605 1681 781 1720 colorem
808 1695 927 1720 suum
957 1683 1230 1721 restituemus.

231 1766 292 1796 ιι.
319 1753 486 1794 dedecus
503 1753 719 1805 familiae]
752 1754 850 1800 iam,
867 1753 975 1806 quod
1001 1753 1122 1807 vulgo
1140 1752 1200 1792 his
1233 1752 1366 1792 verbis
1397 1753 1566 1793 interse—

112 1826 245 1877 ritur,
285 1827 319 1866 si
367 1827 500 1867 minus
537 1826 665 1866 codici
710 1827 966 1872 Franciano‚
1015 1833 1055 1865 at
1094 1834 1200 1866 certe
1229 1827 1392 1879 optimis
1420 1828 1568 1866 nostris

111 1898 201 1937 iure
239 1897 382 1937 cessit:
423 1895 534 1937 haud
571 1897 693 1938 dubie
739 1898 845 1936 enim
891 1912 935 1936 ex
975 1897 1093 1936 simili
1143 1899 1345 1950 sequentis
1391 1900 1566 1938 nominis

111 1969 477 2022 initio-(familiae)
502 1977 643 2009 natum
670 1976 741 2012 est.
798 1971 891 2009 Mox
923 1983 994 2023 pro
1022 1977 1151 2008 autem
1180 1968 1310 2008 multo
1341 1971 1471 2023 aptius
1503 1972 1566 2009 vi-

113 2040 233 2082 detur
261 2042 410 2090 etaim,
440 2041 511 2081 sed
538 2040 653 2082 nullo
680 2042 817 2081 codice
845 2043 1047 2080 firmatur.

229 2111 291 2152 16.
321 2111 431 2152 Nam
469 2127 570 2167 quae
603 2113 740 2152 videre
767 2111 883 2166 cett]
953 2113 1030 2151 Hic
1072 2113 1184 2152 locus
1215 2112 1338 2167 vulgo
1367 2113 1427 2153 sic
1458 2113 1564 2168 lege-

111 2183 254 2224 hatur:
287 2199 337 2224 ne
370 2199 491 2240 quam
527 2185 664 2224 valere
693 2205 742 2214 -
764 2208 819 2215 -
847 2195 1007 2240 poterat
1020 2215 1030 2232 ‚
1074 2199 1121 2224 ea
1158 2187 1195 2224 si
1233 2196 1359 2226 matre
1399 2197 1571 2227 uteretur·

114 2261 208 2300 cett.
269 2256 316 2296 ln
360 2269 443 2310 quo
481 2257 658 2309 primum
707 2254 808 2295 illud
847 2256 1041 2307 offendit,
1086 2257 1227 2310 quod,
1273 2273 1401 2312 quum
1448 2274 1567 2299 causa

111 2329 283 2369 omissae
310 2330 449 2369 matris
475 2329 776 2368 consuetudinis
804 2343 849 2368 ex
879 2329 990 2368 factis
1018 2330 1139 2383 ipsius
1167 2331 1290 2384 petita
1319 2334 1567 2386 requiratur,

111 2401 153 2440 in
173 2415 347 2455 persona
375 2405 460 2442 eius
488 2403 594 2442 ratio
621 2404 827 2446 consistat.
881 2403 987 2441 Tum
1018 2411 1150 2442 autem
1184 2404 1350 2443 verbum
1375 2407 1565 2459 probare,

113 2473 225 2527 quod·
249 2474 309 2514 iu⁴
336 2475 458 2515 rebus
497 2475 722 2514 iudicandis
764 2477 955 2515 usitatum
987 2483 1072 2526 est,
1102 2491 1244 2529 parum
1274 2477 1485 2516 commode
1514 2478 1567 2517 ad

114 2552 284 2586 matrem
321 2548 447 2601 ipsam
492 2547 725 2586 referretur.
799 2548 985 2601 Denique
1029 2550 1066 2586 in
1101 2549 1257 2588 verbis:
1289 2564 1336 2588 ea
1367 2551 1403 2588 si
1441 2559 1570 2590 matre

114 2605 309 2669 ιιιεηᾶιν,
336 2619 435 2673 quid
463 2633 686 2674 pronomen
718 2619 794 2659 sibi
823 2619 946 2666 velit,
979 2634 1096 2659 nemo
1121 2620 1237 2660 facile
1267 2621 1435 2661 dixerit:
1471 2637 1567 2661 nam

111 2687 189 2729 hoc
219 2691 275 2730 sic
302 2692 477 2745 positum
503 2699 604 2732 esset
627 2722 638 2741 ‚
668 2693 781 2746 quasi
810 2692 941 2731 Sassia
970 2706 1052 2732 non
1083 2705 1222 2731 revera
1246 2691 1420 2734 Cluentii
1440 2701 1576 2734 mater·
