1846 3178
292 194 319 237 ξι
328 202 354 233 2
358 187 390 247 4
898 181 1106 223 ORATIO

292 315 346 353 et
388 302 490 353 huc
529 302 596 352 ad
647 304 827 355 urbem
860 306 1110 374 profectus
1141 317 1281 364 esset,
1331 304 1538 367 (solebat
1560 304 1713 358 enim}

292 396 430 433 extra
475 398 673 453 portam
718 384 916 452 aliquid
951 385 1136 435 habere
1167 386 1438 451 conducti,)
1478 387 1708 438 cecidisse

292 481 354 515 ex
407 483 538 533 equo
597 465 786 515 dicitur
806 505 819 525 ,
879 479 928 516 et
970 467 1121 518 homo
1176 468 1376 517 infirma
1419 468 1710 519 valetudine

290 547 423 596 latus
470 546 730 596 offendisse
772 547 1115 607 vehementer,
1160 562 1237 608 et,
1279 562 1599 617 posteaquam
1640 547 1707 599 ad

290 629 471 677 urbem
508 646 625 676 cum
657 627 785 676 febri
818 628 1024 686 venerit,
1059 628 1230 697 paucis
1265 627 1440 678 diebus
1464 646 1560 679 esse
1577 630 1734 679 mor-5

291 720 425 758 tuus.
490 710 667 759 Mortis
700 710 851 769 ratio,
887 708 1102 769 iudices,
1134 709 1377 758 eiusmodi
1408 722 1499 767 est,
1531 723 1592 761 ut
1615 723 1707 761 aut

291 791 424 840 nihil
466 791 648 840 habeat
695 791 1015 861 suspicionis,
1057 803 1170 851 aut,
1202 791 1243 840 si
1277 790 1404 859 quid
1436 792 1616 853 habet,
1651 791 1708 842 id

203 876 264 924 63
302 873 436 921 intra
471 873 683 942 parietes
716 873 771 921 in
806 871 1073 922 domestico
1107 874 1288 923 scelere
1318 885 1554 922 versetur.
1590 875 1707 924 Post

193 954 268 1009 ¹76
294 967 509 1003 mortem
549 955 656 1003 eius
709 954 861 1003 Sassia
896 956 1065 1005 moliri
1097 956 1264 1005 statim
1297 953 1488 1004 nefaria
1522 954 1708 1003 mulier

288 1037 453 1104 coepit
487 1036 688 1085 insidias
722 1037 859 1087 filio:
890 1027 1234 1105 quaestionem
1279 1037 1463 1087 habere
1506 1035 1568 1085 de
1611 1037 1760 1087 viri10

286 1130 449 1166 morte
498 1118 769 1167 constituit.
837 1119 974 1167 Emit
1007 1118 1068 1166 de
1099 1120 1157 1167 A.
1199 1116 1430 1186 Rupilio,
1463 1135 1567 1185 quo
1599 1131 1708 1168 erat

285 1216 403 1247 usus
452 1199 764 1267 Oppianicus
817 1199 1046 1258 medico,
1095 1202 1378 1249 Stratonem
1437 1198 1707 1267 quendam,

283 1281 426 1347 quasi
472 1293 531 1329 ut
564 1280 698 1330 idem
733 1282 941 1341 faceret,
987 1281 1125 1350 quod
1158 1282 1371 1330 Habitus
1404 1282 1460 1331 in
1491 1279 1706 1332 emendo

280 1362 508 1430 Diogene
552 1363 749 1412 fecerat.
796 1365 873 1412 De
916 1364 1013 1413 hoc
1057 1367 1286 1414 Stratone
1318 1375 1368 1412 et
1413 1361 1474 1411 de
1505 1361 1528 1386 *
1562 1364 1705 1413 Ascla

283 1444 507 1512 quodam
537 1462 674 1494 servo
708 1464 797 1494 suo
831 1446 1172 1513 quaesituram
1206 1461 1303 1493 esse
1335 1442 1473 1492 dixit.
1558 1443 1757 1494 Prae-¹5

281 1539 416 1576 terea
459 1544 656 1576 servum
702 1528 851 1577 illum
893 1528 1255 1585 Nicostratum,
1297 1543 1450 1593 quem
1484 1524 1706 1576 nimium

279 1609 543 1675 loquacem
574 1609 722 1657 fuisse
754 1627 812 1657 ac
845 1609 1063 1659 nimium
1096 1608 1301 1657 domino
1338 1606 1536 1656 fidelem
1570 1605 1705 1657 arbi-

279 1689 533 1748 trabatur,
579 1691 642 1738 ab
675 1690 771 1739 hoc
803 1690 1110 1739 adolescente
1144 1688 1428 1758 Oppianico
1461 1688 1517 1737 in
1550 1703 1704 1755 quae-

277 1772 490 1820 stionem
525 1773 808 1840 postulavit.
874 1773 971 1821 Hic
1004 1789 1166 1839 quum
1200 1783 1320 1820 esset
1353 1770 1442 1818 illo
1477 1771 1702 1837 temp0re

276 1870 426 1921 puer,
462 1867 511 1903 et
545 1855 632 1903 illa
667 1855 890 1921 quaestio
925 1854 987 1902 de
1019 1853 1175 1923 patris
1216 1851 1293 1900 sui
1326 1862 1487 1900 morte
1519 1849 1756 1900 consti-20

276 1935 355 1983 tui
393 1934 672 1985 diceretur:
723 1936 814 1984 etsi
859 1936 1006 1985 illum
1050 1954 1248 1984 servum
1281 1946 1338 2001 etx
1363 1933 1458 1982 sibi
1490 1933 1700 1987 benevo-

275 2015 386 2063 lum
417 2033 514 2064 esse
547 2029 597 2065 et
628 2017 762 2084 patri
797 2016 947 2066 fuisse
966 2016 1343 2078 arbitrabatur3
1377 2014 1508 2079 nihi-l
1530 2026 1698 2062 tamen

275 2107 347 2150 est
376 2113 525 2150 ausus
557 2113 796 2150 recusare.
863 2095 1186 2147 Advocantur
1215 2096 1365 2145 amici
1398 2108 1448 2145 et
1480 2095 1698 2164 hospites

379 2241 420 2281 9.
451 2228 583 2267 statim
611 2228 742 2268 moliri
860 2226 921 2278 14.
951 2226 1001 2266 de
1028 2227 1172 2267 assecla
1198 2226 1372 2280 quodam

371 2360 398 2382 ι.
427 2348 522 2384 enim
546 2348 609 2382 ille
636 2354 733 2381 extra
760 2361 783 2396 q
876 2361 907 2382 2.
934 2348 1067 2381 dicitur
1090 2348 1259 2382 cecidisse
1288 2359 1331 2381 ex
1356 2355 1448 2393 equo
1464 2346 1483 2384 ξ
1529 2344 1573 2378 de
1599 2355 1693 2391 equo

274 2396 346 2430 AB
507 2395 538 2438 4-
573 2394 804 2429 vehementer
841 2395 1030 2428 offendisse
1056 2396 1075 2434 ξ
1204 2400 1391 2439 postquam
1419 2392 1547 2439 ᾳιναξ
1659 2392 1693 2428 8.

274 2443 371 2474 inter
392 2440 545 2485 parietes
575 2441 786 2476 domesticos
810 2442 848 2474 in
875 2441 1073 2475 domestico
1097 2441 1229 2475 scelere
1255 2441 1347 2474 coni.
1375 2438 1494 2475 Lamb.
1555 2449 1588 2482 9.
1612 2447 1694 2470 mo-

273 2487 332 2521 liri
358 2491 477 2522 statim
506 2489 575 2527 AB
653 2491 770 2522 statim
796 2489 880 2525 mol.
916 2489 987 2522 Ro
1129 2501 1176 2523 n.
1204 2485 1404 2533 coustituit]
1439 2484 1565 2518 statuit
1585 2486 1692 2527 αβεη

273 2533 419 2577 Rupitio
445 2536 474 2568 Β
555 2535 689 2570 Rutilio
711 2539 741 2570 A
832 2535 919 2568 emit
942 2534 1074 2568 deinde
1099 2546 1118 2567 a
1143 2534 1285 2579 Rupilio
1309 2536 1330 2576 β
1496 2542 1546 2565 12.
1577 2541 1692 2575 quen-

275 2580 380 2613 dam:
404 2582 488 2614 hinc
516 2594 627 2629 usque
651 2581 706 2615 ad*
723 2594 752 2616 c.
776 2583 819 2616 65
846 2582 925 2614 init.
1001 2588 1038 2614 et
1062 2586 1260 2615 ceterorum
1285 2578 1613 2613 honestissimorum
1641 2577 1691 2610 ii-

273 2626 352 2668 dem
388 2627 500 2664 codd.
545 2630 584 2661 αἱ
619 2641 729 2675 supr-a
761 2641 788 2662 c.
808 2629 864 2671 54.
897 2627 958 2668 (n
986 2647 1020 2653 —
1050 2632 1125 2669 w),
1136 2636 1169 2661 et
1193 2626 1303 2661 editio
1326 2626 1494 2670 princeps
1517 2621 1696 2672 deficiunt

278 2674 330 2716 ¹4·
359 2674 457 2707 Ascla
480 2642 652 2709 BZiklx
700 2676 802 2708 Asela
833 2675 1094 2721 (suprascripto
1121 2678 1156 2715 c)
1179 2676 1210 2708 A
1265 2672 1396 2708 assecla
1415 2672 1484 2708 ΗΟ
1581 2671 1635 2714 ιέσ,ι
1653 2680 1696 2706 m

275 2730 350 2756 esse
378 2722 397 2760 ξ
491 2734 543 2756 22.
570 2733 645 2756 esse
671 2733 736 2759 cm.
764 2720 1103 2768 bcdefghmdeg
