1846 3178
195 1011 291 1063 77ι

279 168 341 229 54
888 166 1094 206 ORATio

277 287 379 337 veri
414 287 658 346 homines,
708 288 798 354 qui
840 287 935 337 hoc
979 301 1287 348 statuerunt,
1329 309 1432 358 quo
1477 285 1694 360 quisque

278 370 446 420 animo
480 371 606 439 quid
638 372 843 429 faceret,
879 373 1086 439 spectari
1121 385 1360 441 oportere,
1380 373 1468 422 etsi
1500 374 1586 422 alii
1610 370 1694 442 pe}

278 454 426 501 cunia
474 466 672 520 accepta
721 471 896 501 verum
944 453 1263 510 iudicabant,
1311 467 1478 503 tamen
1528 454 1692 506 nihilo

275 536 442 583 minus
474 552 521 583 se
562 535 903 601 superioribus
945 536 1044 584 suis
1079 535 1277 588 iudiciis
1327 548 1550 584 constare
1597 554 1692 604 pu-

275 616 449 663 tabant
475 628 714 682 oportere.
753 619 926 682 ltaque
955 615 1275 664 damnarunt.
1319 617 1560 683 Quinque
1583 621 1717 666 om-5

274 696 396 744 nino
431 697 652 753 fuerunt,
690 696 778 762 qui
815 696 960 743 illum
993 707 1206 744 vestrum
1244 695 1559 746 innocentem
1586 699 1690 767 Op-

273 778 558 846 pianicum,
613 778 710 839 sive
757 777 1126 844 imprudentia,
1187 776 1284 825 sive
1335 777 1686 839 misericordia,

273 860 370 907 sive
419 860 588 924 aliqua
647 859 964 930 suspicione,
1022 858 1121 906 sive
1165 844 1688 918 ambitionffi‘adducti

274 942 602 990 absolverunt.

403 1021 744 1070 Condemnato
777 1020 1079 1088 Oppianico,
1114 1021 1280 1071 statim
1315 1023 1368 1069 L.
1404 1018 1745 1086 Quinctius‚1q

273 1102 426 1151 homo
460 1103 671 1150 maxime
707 1102 984 1169 popularis,
1023 1103 1112 1169 qui
1147 1103 1307 1150 omnis
1342 1121 1607 1153 rumorum
1638 1117 1688 1155 et

273 1187 574 1233 concionum
617 1197 786 1244 ventos
829 1183 1059 1249 colligere
1104 1197 1416 1243 consuesset,
1469 1186 1689 1234 oblatam

272 1265 366 1313 sibi
409 1264 696 1312 facultatem
750 1263 968 1330 putavit,
1017 1276 1075 1310 ut
1116 1281 1174 1309 ex
1208 1264 1396 1319 invidia
1439 1266 1689 1315 senatoria

273 1357 433 1413 posset
467 1362 703 1402 crescere,
738 1344 874 1410 quod
909 1345 1013 1392 eius
1057 1344 1247 1393 ordinis
1291 1347 1478 1395 iudicia
1521 1347 1690 1407 minus

208 1444 221 1451 ‘
272 1428 373 1475 iam
422 1427 626 1495 probari
671 1428 860 1494 populo
901 1426 1256 1474 arbitrabatur.
1296 1429 1553 1478 .Habetur
1583 1438 1744 1482 unax5,

273 1521 425 1575 atque
460 1510 614 1556 altera
649 1509 820 1557 concio
853 1508 1114 1556 vehemens
1147 1520 1197 1556 et
1229 1509 1405 1575 gravis:
1451 1509 1690 1577 accepisse

271 1591 539 1658 pecuniam
573 1589 783 1647 iudices,
819 1602 877 1637 ut
914 1589 1233 1637 innocentem
1269 1607 1412 1638 reum
1444 1589 1690 1652 condem-

271 1684 477 1729 narem,
511 1671 768 1718 Tribunus
802 1670 960 1737 plebis
995 1670 1305 1719 clamitabat:
1347 1671 1425 1737 agi
1458 1671 1687 1720 fortunas

274 1753 502 1802 omnium
536 1751 751 1800 dicebat:
789 1752 931 1798 nulla
965 1768 1060 1799 esse
1095 1749 1308 1801 iudicia:
1343 1751 1434 1817 qui
1480 1752 1686 1820 pecuni-

271 1853 412 1885 osum
440 1834 705 1882 inimicum
736 1831 953 1892 haberet,
981 1832 1284 1894 incolumem
1306 1849 1402 1880 esse
1435 1834 1744 1889 neminemzo,

271 1934 421 1986 posse.
487 1912 725 1965 Homines
760 1916 911 1963 totius
943 1915 1105 1980 ignari
1140 1913 1352 1980 negotii,
1393 1914 1484 1980 qui
1531 1913 1688 1982 Oppi-

271 2000 476 2049 anicum
509 2016 788 2064 numquam
830 1995 1084 2055 vidissent,
1133 1996 1299 2046 virum
1346 1996 1595 2062 optimum
1637 2006 1687 2045 et

269 2080 525 2129 hominem
571 2078 984 2148 pudentissimum
1033 2077 1247 2145 pecunia
1292 2094 1577 2144 oppressum
1609 2094 1690 2127 ar<

267 2162 609 2219 hitrarentur,
645 2160 833 2209 incensi
867 2160 1172 2227 suspicione,
1218 2176 1324 2207 rem
1358 2159 1415 2206 in
1460 2156 1686 2206 medium

381 2294 417 2323 1.
444 2281 621 2319 homines
647 2280 721 2319 hoc
748 2272 968 2319 statuerffit
1077 2292 1116 2321 2.
1146 2284 1198 2326 et,
1229 2278 1262 2316 si
1369 2290 1407 2329 9.
1436 2273 1686 2314 absolverent

363 2412 393 2438 r.
418 2401 593 2441 homines,
618 2401 680 2439 qui
707 2400 776 2433 hoc
821 2400 964 2434 ABCt
1078 2398 1240 2438 homines
1274 2395 1342 2429 hoc
1363 2395 1435 2430 Ro
1467 2396 1628 2446 (praeter
1645 2395 1682 2434 r)

268 2460 298 2482 2.
326 2447 407 2496 etsi]
436 2454 471 2481 et
499 2449 527 2480 si
575 2446 652 2483 edd,
681 2455 762 2479 ante
787 2458 807 2479 τ
914 2448 945 2478 6.
971 2450 1134 2489 nostrum·
1157 2455 1180 2483 ς
1282 2455 1311 2487 7.
1338 2439 1559 2485 impudentia
1584 2438 1687 2476 ABb,

268 2499 400 2536 (corr)
428 2506 450 2526 α
466 2493 549 2533 δἐζ
641 2497 672 2529 8.
699 2492 844 2525 abducti
869 2493 897 2525 Β
922 2491 996 2523 cod.
1022 2494 1055 2526 S.
1093 2491 1181 2526 Vict.
1273 2500 1296 2533 9
1321 2487 1549 2520 absolverunt
1571 2484 1690 2518 ABG

268 2541 479 2586 ahciqvw
502 2550 552 2572 as
667 2539 893 2571 absolverent
915 2539 944 2571 R
968 2540 1065 2582 vulg.
1205 2536 1253 2579 ¹4·
1280 2535 1393 2578 possit
1419 2533 1487 2566 AB
1629 2531 1681 2566 15.

266 2587 335 2631 jam
362 2599 425 2620 om.
450 2588 480 2620 B
502 2591 551 2628 (2.
578 2599 620 2623 m,
646 2585 855 2632 adscripsit)
973 2587 1021 2618 16.
1049 2589 1155 2627 atque
1180 2593 1244 2615 om.
1271 2581 1525 2614 aber-stuoee
1629 2587 1681 2619 ¹7·

267 2630 382 2680 reum]
411 2645 488 2665 eum
514 2645 536 2664 α
643 2634 690 2666 ι8.
718 2632 892 2664 clamabat
919 2632 946 2664 C
1037 2629 1106 2676 agi]
1134 2629 1167 2662 ei
1191 2639 1215 2659 α
1266 2639 1315 2671 ¹9·
1342 2625 1474 2658 iudicia
1501 2634 1578 2656 esse
1613 2623 1689 2659 AB„

268 2692 326 2716 22.
362 2685 398 2712 et
433 2678 524 2711 hom>
552 2679 635 2723 pud,
675 2691 739 2711 om.
776 2678 806 2711 B
852 2678 906 2713 23.
923 2676 1238 2725 prudentissimum
1276 2671 1683 2727 abchprstuareaeli

268 2737 475 2772 oppressum
490 2735 563 2759 esse
589 2725 660 2758 arb.
688 2726 717 2758 C
