1846 3178
251 171 256 173 ’
298 187 363 252 96
905 182 1112 224 oRA‘no

300 323 493 375 dictum
527 337 626 376 estt
651 337 711 374 ut
744 340 906 383 mare,
949 325 1090 392 quod
1134 339 1316 379 natura
1349 345 1436 378 sua
1473 324 1722 395 tranqffllss

299 407 408 456 lum
456 409 563 472 sit,
592 419 859 456 ventorum
905 407 953 455 vi
997 408 1176 475 agitari
1209 421 1361 476 atque
1397 410 1591 459 turbari
1603 431 1617 471 3
1648 407 1722 459 sie

298 491 550 558 populum
597 491 880 538 Romanum
933 507 1021 539 sua
1076 503 1251 558 sponte
1295 507 1392 539 esse
1438 491 1721 560 placatum}

298 571 568 620 hominum
616 571 964 621 seditiosorum
1008 573 1222 633 vocibus,
1267 585 1326 622 ut
1356 572 1723 623 violentissimis

301 654 700 722 tempestatibus,
735 655 991 704 concitari.
1752 667 1777 708 5

204 740 268 786 50
431 742 518 789 Est
551 741 703 790 etiam
737 742 932 809 reliqua
968 760 1237 812 permagna
1261 742 1542 798 auctoritas,
1569 746 1726 810 quam

305 822 395 888 ego
444 823 664 891 turpiter
708 840 867 891 paene
901 824 1163 892 praeterii:
1199 840 1309 871 mea
1342 823 1479 872 enim
1510 838 1607 872 esse
1638 820 1726 870 di-

304 904 453 952 citur.
520 905 762 953 Recitavit
795 922 854 952 ex
888 906 1137 965 oratione,
1173 906 1335 954 nescio
1369 922 1493 972 qua,
1535 901 1726 960 Acciusss

306 1004 465 1052 quam
498 1003 661 1034 meam
681 1003 778 1035 esse
801 986 1011 1045 dicebat,
1049 986 1446 1035 cohortationem
1472 979 1729 1053 quandam

303 1067 533 1116 iudicum
567 1066 632 1114 ad
665 1066 871 1116 honeste
905 1067 1249 1126 iudicandum,
1292 1080 1342 1116 et
1374 1074 1780 1116 commemora-¹6

303 1150 494 1199 tionem
526 1167 690 1215 quum
723 1149 940 1198 aliorum
973 1148 1280 1198 iudiciorum
1304 1187 1316 1208 ‚
1350 1166 1480 1215 quae
1513 1148 1728 1217 probata

302 1250 408 1282 non
443 1242 612 1288 essent,
651 1241 761 1278 tum
794 1230 931 1278 illius
963 1231 1117 1299 ipsius
1150 1230 1326 1278 iudicii
1359 1230 1582 1279 Iuniani:
1615 1247 1731 1298 pro-

305 1311 426 1360 inde
470 1310 614 1377 quasi
667 1327 756 1376 ego
797 1329 902 1360 non
946 1313 1010 1360 ab
1055 1311 1203 1360 initio
1244 1311 1397 1360 huius
1430 1310 1730 1361 defensionis

306 1393 547 1451 dixerim,
600 1390 905 1440 invidiosum
955 1388 1086 1439 illud
1132 1391 1381 1440 iudicium
1413 1391 1594 1442 fuisse:
1625 1403 1727 1451 aut,

307 1493 472 1543 quum
506 1471 568 1522 de
601 1471 810 1521 infamia
845 1470 1154 1520 iudiciorum
1189 1472 1518 1541 disputarem,
1552 1478 1782 1541 potue-15

303 1558 402 1606 rim
435 1554 590 1613 illud,
625 1551 766 1621 quod
801 1565 902 1601 tam
936 1554 1182 1620 populare
1216 1567 1336 1603 esset
1369 1555 1457 1603 illo
1493 1566 1731 1622 tempore,

202 1622 277 1706 ¹39
305 1637 594 1707 praeterire.
660 1636 764 1701 Ego
798 1651 941 1690 vero,
982 1634 1021 1683 si
1055 1634 1181 1701 quid
1215 1635 1459 1684 eiusmodi
1494 1634 1612 1694 dixi,
1646 1652 1733 1684 ne-

303 1736 406 1788 que
439 1716 698 1784 cognitum
733 1715 1144 1772 commemoravi,
1180 1733 1345 1783 neque
1379 1734 1473 1785 pro
1514 1716 1733 1766 testimo-

306 1802 394 1852 nio
433 1799 571 1850 dixiz
604 1809 655 1847 et
689 1797 778 1845 illa
796 1795 957 1846 oratio
981 1796 1150 1864 potius
1179 1798 1416 1866 temporis
1441 1797 1553 1858 mei,
1577 1810 1732 1865 quam

418 1943 452 1972 1.
482 1942 553 1968 sua
578 1934 723 1967 natura
848 1939 889 1964 2.
921 1925 976 1965 sic
1004 1933 1043 1965 et
1069 1924 1263 1979 populum
1434 1941 1492 1970 11.
1520 1934 1606 1967 tum
1634 1926 1733 1967 alio-

409 1998 502 2024 rum
682 1995 743 2021 12.
771 1980 937 2034 perinde
1090 1980 1153 2033 ι4.
1186 1981 1303 2022 fuisse
1331 1981 1526 2022 iudicium
1670 1982 1729 2024 16.

407 2041 452 2079 in
480 2038 548 2078 illo
579 2044 757 2090 tempore

395 2171 424 2194 1.
450 2163 580 2192 natura
603 2167 667 2190 sua
690 2154 764 2190 AB
810 2167 873 2189 sua
894 2160 966 2190 nat.
995 2156 1066 2190 Ro
1207 2168 1238 2190 2.
1255 2157 1394 2203 agitari
1431 2158 1592 2193 videmus
1621 2165 1730 2207 atque

303 2215 321 2240 ε
348 2218 414 2252 mg.
441 2219 460 2247 η
557 2205 607 2237 sic
632 2214 714 2248 pop.
740 2203 842 2236 ABa
951 2203 1002 2236 sic
1027 2211 1063 2235 et
1084 2214 1166 2248 pop.
1194 2203 1267 2237 ΒΟ
1415 2207 1448 2243 3.
1479 2213 1643 2251 pacatum
1678 2207 1731 2241 bc

302 2251 745 2300 defghiklmnrstuv
768 2250 905 2295 Ρηβεη
954 2254 1114 2293 paratum
1139 2261 1161 2283 ο
1305 2250 1336 2294 4.
1365 2250 1418 2298 ut]
1447 2258 1484 2286 et
1507 2262 1559 2285 αε
1681 2266 1733 2288 ιι.

303 2310 415 2346 quum
441 2301 621 2345 Aprstn
646 2308 711 2330 om.
741 2296 771 2329 B
838 2301 914 2328 tum
946 2296 1018 2330 Ro
1087 2297 1236 2329 aliorum
1264 2307 1284 2341 ρ
1309 2299 1372 2338 (ex
1397 2300 1514 2341 coni.)
1538 2307 1591 2332 στ
1645 2299 1734 2332 ino-

303 2358 384 2380 rum
413 2348 457 2379 11
478 2344 556 2379 rell.
583 2342 660 2376 edd.
808 2354 858 2376 ια.
886 2342 1039 2390 proinde
1063 2342 1734 2394 ABahdfghiklmnopqrstuv

303 2393 408 2431 ωαξ
501 2390 653 2436 perinde
678 2390 706 2423 R
731 2389 830 2434 vulg,
975 2391 1026 2432 14.
1054 2389 1226 2422 iudicium
1251 2391 1361 2422 fuisse
1388 2392 1460 2425 AB
1527 2392 1638 2425 fuisse
1658 2393 1735 2430 iud,

304 2440 378 2475 Ro
521 2439 572 2471 15.
601 2437 816 2469 iudiciorum
832 2460 841 2474 ‚
865 2446 958 2480 quae
984 2434 1132 2479 probata
1159 2447 1231 2467 non
1254 2442 1390 2475 essent,
1418 2438 1550 2481 disput.
1581 2439 1734 2486 αεζκμ

305 2487 355 2524 νξ
408 2483 471 2526 (h.
504 2484 528 2517 l.
554 2483 662 2516 verba
700 2482 792 2515 male
827 2483 970 2516 intrusa
994 2494 1060 2515 om.
1097 2494 1180 2522 mo,
1207 2494 1281 2515 non
1305 2485 1493 2528 superiora
1519 2485 1588 2517 illa
1612 2497 1638 2519 v
1679 2498 1733 2527 ιι,

307 2530 405 2579 quod
427 2530 518 2564 dicit
542 2530 710 2563 Orellins.
742 2527 814 2563 Sed
826 2541 934 2575 quum
952 2528 1083 2575 absque
1108 2528 1330 2562 dubitatione
1354 2530 1402 2562 sit
1426 2531 1466 2563 in
1487 2531 1589 2564 nullo
1613 2531 1740 2566 cod-'ce

312 2579 409 2616 ista,
436 2578 476 2610 in
503 2575 562 2609 ed.
588 2577 708 2622 princ.
735 2586 858 2608 errore
888 2576 1056 2621 repetita,
1081 2575 1268 2614 inveniri,
1302 2576 1392 2608 satis
1416 2586 1589 2622 apparet,
1615 2590 1735 2625 qnan-

309 2632 348 2656 ta
383 2624 607 2668 negligentia
645 2622 802 2655 varietas
830 2622 1023 2655 lectionum
1063 2622 1318 2655 Oxoniensiam
1358 2631 1506 2656 enotata
1541 2623 1617 2658 sits
1650 2636 1733 2658 nam

309 2669 379 2703 duo
401 2669 433 2701 Ῐι.
459 2670 483 2700 l.
512 2681 577 2714 pro
603 2669 764 2703 omnibus
788 2669 957 2702 citantur.
1139 2669 1187 2701 16.
1213 2667 1276 2700 illo
1302 2673 1407 2715 temp.
1442 2670 1511 2704 AB
1602 2671 1642 2707 in
1667 2671 1732 2707 isso

309 2721 416 2760 temp.
443 2716 513 2748 110
