1846 3178
709 138 948 214 ca1T1CA.
1459 183 1549 246 193

114 297 201 340 »Ut
226 297 446 354 plurimum
472 295 649 336 tribuam
680 297 894 337 Censoriae
921 297 1231 352 subscriptioni,
1258 296 1356 337 dicit
1395 306 1549 347 orator,

111 368 332 425 quidinde
361 366 582 407 efficitur&
616 390 665 399 --
722 368 876 409 Dicant
904 370 991 409 scil.
1024 369 1233 420 Censores,
1267 368 1419 414 iidem,
1452 383 1555 422 quos

111 452 205 480 mox
244 437 385 478 eodem
420 437 542 477 modo
586 440 749 478 invocat
784 438 999 492 (qsleratet)
1024 469 1037 491 ,
1086 437 1184 478 duos
1211 453 1289 478 esse
1339 450 1556 494 corruptos.

111 510 240 552 Esto:
271 516 313 549 at
338 516 426 548 tum
454 510 601 560 ceteri,
627 512 697 563 qui
725 524 806 549 non
835 512 960 549 notati
994 517 1087 550 sunt
1118 525 1142 550 a
1170 510 1422 561 Censoribus,
1435 512 1556 565 gratis
1596 505 1602 510 ’

111 581 462 632 condemnarunt,
500 580 609 634 quod
648 580 764 620 nobis
806 594 927 635 quam
956 583 1126 621 maxime
1155 589 1428 635 opportunum
1458 587 1550 621 est:

113 655 172 694 sic
198 654 305 694 enim
330 665 414 692 non
443 652 740 691 circumventus
756 683 767 699 ‚
799 667 881 692 non
909 666 1121 706 oppressus
1155 660 1213 693 est
1236 652 1499 706 Oppianicus.

223 724 306 774 88,
339 722 380 764 5.
408 723 496 764 Aut
522 721 626 762 illud
649 721 847 776 effrata,
876 722 1037 777 aliquid
1059 721 1159 777 esse]
1226 722 1292 761 Sic
1329 722 1462 761 locum
1489 736 1556 761 re·

110 795 251 850 scripsi
277 809 324 836 ex
353 795 600 846 coniectura,
619 808 738 847 quam
767 807 875 832 nunc
895 808 917 832 a
933 790 1190 846 Leclercquio
1217 801 1451 847 occupatam
1475 807 1559 833 esse

114 868 262 917 video,
293 881 422 922 quae,
453 865 637 920 quamvis
659 881 892 921 perversam
919 880 1007 905 eam
1039 865 1216 906 Orellius
1245 872 1431 915 censeat,
1458 863 1559 904 mihi

115 947 252 980 tamen
278 940 396 979 unice
422 952 519 980 vera
551 953 634 977 esse
655 937 828 977 videtur.
879 937 986 977 illud
1011 937 1171 991 quidem
1193 944 1300 976 certe
1327 950 1560 990 perversum

117 1016 180 1050 aet
196 1038 210 1062 ,
239 1010 272 1049 si
299 1010 440 1062 capitis
467 1009 668 1061 sequentis
695 1008 853 1045 initium
880 1014 989 1046 recte
1018 1008 1298 1060 perpenderis,
1341 1006 1450 1060 quod
1485 1020 1560 1046 no-

117 1081 269 1122 vissimi
299 1080 470 1120 editores
495 1085 535 1118 ct
562 1078 650 1132 ipse
684 1077 904 1117 Lambinus
932 1079 1185 1132 negationem
1211 1085 1303 1118 ante
1330 1091 1373 1118 v.
1402 1092 1560 1134 compe-

117 1154 217 1194 risse
253 1153 518 1191 intruserunt.
575 1149 716 1188 Cicero
744 1150 850 1189 enim
883 1150 1101 1201 Censores,
1143 1151 1177 1190 si
1204 1164 1296 1188 cum
1336 1150 1491 1189 ratione
1518 1152 1559 1190 in

117 1221 293 1277 reliquos
320 1221 472 1262 iudices
502 1221 660 1260 Iuniani
689 1220 848 1268 iudicii,
877 1227 1036 1273 praeter
1064 1219 1165 1260 duos
1192 1219 1281 1260 illos
1309 1234 1413 1274 quos
1442 1229 1561 1261 nota-

117 1294 275 1344 verint,
306 1293 459 1333 crimen
486 1291 649 1346 aliquod
677 1292 843 1331 iniicere
872 1291 1058 1345 cupiant,
1090 1292 1193 1331 facta
1224 1306 1362 1332 eorum
1390 1299 1430 1331 et
1469 1291 1556 1331 cul-

119 1379 216 1420 pam
243 1363 385 1404 afferre
410 1371 451 1403 et
476 1363 751 1403 demonstrare
782 1362 921 1402 iubet:
953 1364 1143 1402 acerrime
1158 1364 1344 1417 repudiat
1362 1364 1559 1403 rationem

117 1437 348 1486 militarem,
363 1451 444 1491 qua
470 1444 619 1476 temere
648 1443 688 1475 et
716 1437 856 1475 sortito
889 1448 935 1474 ex
962 1450 1129 1474 numero
1147 1449 1307 1474 reorum
1324 1438 1393 1489 qui
1416 1434 1558 1488 culpae

116 1507 260 1549 affines
297 1508 552 1559 habeantur,
594 1507 805 1561 eligantur.
876 1507 953 1546 Cui
980 1510 1198 1547 sententiae
1227 1521 1330 1561 quae
1356 1507 1558 1560 aptissime

124 1588 374 1636 congruunt:
403 1581 514 1637 quod
537 1580 588 1619 de
614 1581 674 1618 his
699 1578 847 1619 dzwbns
864 1578 1069 1618 habuerint
1082 1588 1332 1634 compertum,
1346 1579 1397 1618 de
1424 1579 1559 1617 ceteris

119 1653 364 1708 comperisse,
395 1651 559 1691 minime
585 1649 786 1703 tangenda
817 1656 888 1688 aut
914 1649 1142 1690 divellenda
1172 1657 1301 1689 erant.
1360 1649 1439 1688 Sed
1459 1649 1559 1689 haec

118 1722 233 1764 nullo
261 1723 381 1763 modo
407 1736 501 1762 cum
533 1721 732 1776 prioribus
760 1720 854 1770 illis,
885 1720 1020 1775 qualia
1047 1721 1168 1776 vulgo
1194 1721 1395 1776 leguntur,
1424 1721 1562 1760 cohae-

118 1803 238 1836 rent:
268 1794 351 1835 Aac
375 1794 479 1835 illud
505 1794 701 1849 effi-ant,
732 1794 890 1850 aliquid
913 1809 1005 1837 esse.
1043 1793 1148 1833 Nam
1176 1807 1257 1848 quo
1285 1793 1447 1834 vinculo
1477 1792 1559 1832 duo

119 1869 185 1908 isti
229 1867 414 1907 infinitivi
453 1880 533 1906 esse
571 1873 611 1906 et
648 1868 878 1921 comperisse
910 1864 1177 1920 copulentur?
1264 1863 1427 1904 Scilicet
1474 1878 1558 1904 uno

55 1947 57 1949 ’
119 1938 378 1979 librariorum
395 1950 534 1977 errore
549 1937 682 1976 omnia
701 1936 891 1991 impedita
908 1944 1017 1988 sunt,
1028 1951 1110 1990 quo
1128 1935 1327 1976 levissima
1343 1937 1560 1975 correctio-

121 2023 175 2050 ne
190 2007 366 2056 sublato,
389 2014 433 2062 et,
455 2021 592 2047 sensus
619 2015 658 2047 et
676 2009 804 2047 oratio
824 2014 914 2061 apte
933 2006 1172 2061 procedunt,
1190 2023 1320 2062 neque
1339 2009 1560 2062 quidquam

121 2079 300 2136 perversi
326 2078 527 2133 reliquum
553 2085 635 2118 est:
665 2093 738 2132 pro
765 2079 889 2118 verbo
915 2094 996 2118 esse
1023 2079 1296 2132 reponendum
1337 2087 1424 2119 erat
1457 2094 1557 2119 sese.

121 2151 436 2191 ›Demonstrent
463 2149 594 2202 nobis,
621 2151 769 2204 inquit,
796 2151 1005 2199 Censores,
1040 2151 1208 2190 eandem
1236 2150 1410 2205 culpam,
1434 2166 1559 2206 quam

119 2222 164 2263 in
201 2221 360 2262 duobus
405 2221 764 2276 deprehenderint,
801 2237 825 2262 a
859 2225 1000 2262 ceteris
1024 2236 1110 2262 esse
1149 2223 1379 2263 admissam.
1453 2224 1560 2264 Nam

119 2292 200 2334 hoc
242 2291 407 2347 quidem
451 2292 583 2332 dicere
619 2306 701 2331 non
728 2292 934 2332 audebunt
960 2293 1176 2347 prudentes
1203 2294 1280 2335 viri
1311 2302 1350 2334 et
1377 2294 1556 2335 honesti:

120 2377 260 2404 omnes
286 2377 413 2418 aeque
440 2364 482 2403 in
509 2362 625 2418 culpa
653 2370 771 2403 sunt:
801 2364 871 2403 sed
899 2379 972 2403 nos
1001 2364 1101 2404 duos
1128 2379 1174 2405 ex
1216 2365 1295 2406 illis
1337 2381 1410 2421 pro
1448 2366 1561 2428 arbi·v

119 2435 201 2475 trio
231 2435 361 2475 sortiti
388 2449 526 2475 sumus
554 2435 606 2474 ad
636 2435 882 2474 notationem
911 2435 1186 2475 censoriam«
1551 2432 1557 2438 ’

239 2520 301 2562 19.
342 2508 412 2563 qui
453 2508 496 2546 in
530 2506 630 2546 bello
659 2530 712 2538 —-
740 2505 973 2561 deliquerat]
1040 2507 1157 2547 Nova
1190 2506 1312 2559 haec,
1356 2522 1478 2562 quam
1510 2523 1558 2549 ex

122 2578 289 2632 egregiis
327 2578 443 2619 MSS.
487 2577 738 2626 exhibemus,
782 2579 976 2632 scriptura
1005 2593 1127 2632 grave
1154 2578 1276 2619 huius
1301 2581 1377 2620 loci
1405 2583 1558 2621 incom-

125 2649 293 2690 modum
323 2650 510 2690 sustulit:
559 2663 652 2688 nam
690 2663 814 2703 quum
857 2651 899 2688 in
935 2649 1117 2703 vulgata:
1157 2665 1206 2690 ne
1237 2674 1291 2682 —-
1319 2654 1562 2710 delinqueret

121 2722 303 2776 amplior
317 2722 364 2762 ei
381 2728 473 2766 cett.
490 2721 613 2762 homo
629 2722 707 2759 iam
727 2727 846 2760 notus
865 2722 1100 2774 cogitandus
1112 2729 1229 2774 esset,
1242 2723 1375 2765 nullus
1390 2726 1492 2766 alius
1510 2737 1557 2765 ex

1242 2799 1296 2846 13
