1846 3178
263 128 352 187 104
868 121 1079 174 ORATIO

259 246 373 294 tur?
406 243 547 308 Quid
578 245 644 293 M.
681 244 917 292 Plaetorii
954 256 1003 292 et
1036 246 1085 293 C.
1123 244 1360 294 Flaminii
1397 244 1530 294 inter
1562 244 1687 300 sica,

256 327 390 375 rios?
434 325 561 394 quid
595 328 644 374 C.
693 325 921 374 Orchivii
967 327 1260 394 peculatus?
1307 327 1432 394 quid
1471 344 1577 375 mea
1622 310 1687 376 de

255 409 485 476 pecuniis
523 407 846 475 repetundis?
878 408 1005 475 quid
1038 410 1333 476 C.Aquillii,
1361 409 1497 478 apud
1532 393 1687 481 queni

257 508 397 538 nunc
431 490 650 537 ambitus
683 507 828 538 causa
863 489 1079 538 dicitur?
1111 490 1236 557 quid
1281 493 1504 558 reliquae
1535 509 1688 559 quae-

257 571 470 630 stiones?
511 571 892 638 Circumspicite
940 572 1102 620 omnis
1157 572 1464 639 reipublicae
1504 568 1713 641 partis:5

257 653 428 701 omnia
462 654 632 719 legum
668 654 882 722 imperio
918 667 967 703 et
1000 655 1307 722 praescripto
1344 654 1452 702 fieri
1485 653 1697 713 videbie

165 745 239 798 148
263 735 335 783 tis.
374 735 422 782 Si
455 736 569 800 quis
601 735 738 803 apud
773 753 865 794 me,
886 738 938 783 T.
963 737 1092 793 Acci,
1123 749 1169 784 te
1196 753 1338 783 reum
1358 737 1478 785 velit
1510 735 1686 785 facere:

257 817 464 870 clames,
512 829 560 865 te
606 818 710 884 lege
755 817 1088 885 pecuniarum
1139 817 1540 885 repetundarum
1583 834 1690 867 non

260 893 448 947 teneri:
515 916 679 965 neque
737 899 859 948 haec
917 912 1003 948 tua
1053 901 1295 948 recusatio
1346 898 1583 948 confessio
1625 899 1691 948 sit

256 994 430 1051 captae
482 984 750 1051 pecuniae,
795 982 879 1030 sed
927 982 1112 1030 laboris
1153 995 1202 1031 et
1234 981 1447 1049 periculi
1484 999 1586 1029 non
1621 980 1742 1041 le-io
1785 1039 1789 1042 ,

161 1065 223 1113 54
260 1063 421 1130 gitimi
459 1064 742 1114 declinatio.
778 1067 953 1120 Nunc,
987 1063 1114 1131 quid
1149 1076 1328 1130 agatur
1360 1076 1410 1112 et
1442 1062 1570 1130 quid
1604 1062 1717 1112 abs'

257 1157 305 1193 te
340 1146 467 1194 iuris
501 1148 862 1200 constituatur,
898 1145 1023 1193 vide.
1060 1145 1209 1193 Iubet
1243 1146 1320 1192 lex
1353 1162 1423 1199 ea,
1449 1162 1550 1211 qua
1583 1144 1689 1211 lege
1730 1169 1733 1171 -

254 1227 378 1276 haec
415 1229 640 1294 quaestio
675 1212 946 1275 constituta
980 1238 1076 1281 est,
1112 1225 1331 1273 iudicem
1369 1226 1689 1291 quaestionis,

253 1309 348 1356 boc
400 1321 500 1363 est,
550 1310 609 1371 Q.
645 1309 961 1365 Voconium,
1009 1300 1144 1355 cum‘
1173 1308 1232 1354 iis
1276 1306 1560 1367 iudicibus,
1594 1306 1686 1374 qui

254 1391 300 1438 ei
337 1390 663 1445 obvenerint,
697 1388 801 1451 (vos
836 1390 1072 1458 appellat,
1107 1386 1313 1450 iudices)
1347 1405 1588 1455 quaerere
1626 1387 1744 1437 densi

252 1489 460 1520 veneno.
530 1475 591 1536 lp
625 1488 778 1538 quem
812 1471 1088 1538 quaerere?
1133 1470 1402 1518 Infinitum
1437 1481 1518 1517 est.
1569 1488 1690 1528 om-

255 1572 495 1613 CUMQUE
544 1571 815 1608 FECERIT,
858 1569 1256 1606 vssNnioEer,
1306 1569 1544 1610 EMERIT,
1594 1569 1688 1600 HA-

255 1654 495 1694 BUERrr,
545 1652 825 1682 DEDER1T.
906 1633 1046 1696 Quid
1080 1632 1252 1680 eadem
1287 1634 1366 1680 lex
1398 1633 1567 1682 statim
1601 1632 1687 1681 ad-

254 1717 457 1783 iungit?
491 1715 673 1763 Recita.
708 1733 902 1772 DEQUE
935 1731 1072 1762 Eius
1108 1731 1319 1762 οΑΡιΤΕ
1361 1732 1686 1770 QUAERlTO.

230 1798 445 1847 ‘Cuiusl'
478 1799 570 1865 qui
603 1797 809 1845 coierit?
842 1796 1162 1845 convenerit?
1195 1792 1300 1844 rion
1324 1797 1392 1845 ita
1414 1810 1496 1846 est.
1543 1797 1739 1862 Quidao

253 1885 373 1947 ergo
406 1882 508 1929 est?
542 1880 634 1928 dic.
671 1898 771 1938 QUI
814 1897 1121 1928 TRiBUNus
1168 1897 1434 1928 MILITUM
1481 1897 1689 1931 Lemo-

366 2029 403 2057 2.
434 2016 617 2054 Orchinii
755 2013 793 2065 4.
823 2013 871 2052 de
911 2013 1063 2052 ambitu
1103 2028 1219 2052 causa
1331 2029 1369 2067 7.
1409 2022 1471 2064 te,
1505 2014 1552 2054 T.
1583 2014 1684 2054 Acci

370 2084 429 2111 10.
459 2071 527 2110 sed
555 2069 719 2124 periculi

350 2202 384 2227 α.
414 2190 573 2224 Orchivii
598 2191 663 2224 AB
679 2191 737 2237 Cp
792 2189 955 2223 Orchinii
980 2191 1010 2224 R
1030 2190 1127 2235 vulg.
1201 2189 1335 2223 orchim
1361 2200 1383 2221 a
1507 2191 1537 2226 3.
1562 2189 1686 2235 Aquili

257 2235 558 2284 dfgprstucee
650 2237 788 2281 Aquilii
812 2237 1005 2282 Αδζκμν
1146 2237 1175 2280 4
1216 2237 1366 2269 ambitus
1395 2237 1460 2270 AB
1529 2236 1573 2268 de
1609 2248 1685 2269 am-

253 2284 335 2317 bitu
371 2284 439 2318 Ro
472 2292 617 2330 praeter
651 2283 706 2321 ed.
750 2284 844 2327 1584.
883 2295 966 2323 071,
1004 2284 1044 2315 in
1074 2283 1202 2329 quibus
1251 2284 1406 2329 legitur:
1444 2282 1488 2314 de
1523 2282 1680 2316 ambitus

255 2332 287 2364 6.
314 2332 554 2374 praescripto]
589 2330 768 2375 praesidio
798 2328 1286 2375 bcdejghiklmydscq
1327 2329 1360 2362 h.
1386 2330 1410 2363 l.
1454 2327 1589 2362 dessnit
1625 2330 1685 2363 ul-

255 2378 343 2410 tima
366 2379 505 2424 pagina
533 2377 560 2410 C
676 2389 706 2420 7.
732 2376 795 2422 qui
821 2379 860 2409 11
885 2384 1032 2421 praeter
1054 2376 1268 2418 ABmow;
1293 2387 1312 2408 τ
1361 2375 1448 2421 quid
1471 2374 1594 2415 Ιινδζ
1641 2377 1686 2414 T.

255 2424 361 2464 Acci,
400 2430 434 2456 te
469 2424 542 2457 AB
589 2429 644 2463 te,
670 2424 715 2460 T.
747 2422 826 2456 Acci
852 2423 922 2456 Ro
1059 2435 1090 2467 9.
1115 2429 1177 2455 tua
1215 2422 1303 2454 hacc
1334 2432 1426 2454 αεπ
1569 2433 1618 2455 ιο.
1647 2427 1684 2456 et

255 2470 325 2502 AB
373 2469 436 2503 §ed
469 2470 543 2504 Ro
636 2469 795 2513 legitima
822 2471 852 2502 A
994 2480 1044 2502 =2.
1085 2480 1126 2501 ea
1159 2469 1215 2500 lex
1248 2477 1296 2500 αε
1440 2470 1489 2505 13,
1527 2467 1684 2502 iudicem

257 2525 315 2559 qu.
341 2516 409 2548 hoc
432 2522 485 2549 est
511 2515 718 2550 om.iklm
781 2513 898 2561 14.iis]
928 2515 1004 2548 istis
1031 2525 1116 2560 ᾳαε
1143 2514 1341 2549 Voconium
1353 2514 1583 2548 coniunctum
1602 2527 1683 2549 cum

255 2561 311 2594 his
336 2562 410 2598 iud.
436 2565 465 2595 A
585 2564 631 2597 15.
658 2562 851 2606 compellat
875 2560 984 2600 αδεζ
1119 2573 1165 2604 ¹7·
1193 2563 1321 2594 emerit
1373 2572 1438 2593 om.
1463 2562 1534 2595 AB
1631 2573 1682 2606 19.

257 2608 374 2651 capite
402 2607 442 2651 Q.
471 2610 631 2653 quaerito
658 2608 813 2651 ιἸτηιβε
906 2611 1021 2652 capite
1058 2607 1128 2652 Qu.
1169 2609 1331 2652 quaerito
1357 2618 1381 2650 γ
1475 2619 1547 2652 cap.
1585 2619 1679 2652 quo-

258 2655 329 2700 q'ue
355 2656 516 2699 quaerito
542 2669 561 2696 η
691 2666 743 2691 20.
770 2652 883 2700 cujus]
913 2655 987 2699 ejus
1013 2657 1201 2699 αεθικμ
1298 2653 1387 2699 quid
1411 2653 1449 2686 id
1471 2665 1553 2699 ergo
1578 2660 1632 2691 est
1650 2657 1683 2690 A
