1846 3178
713 121 930 162 CRITICA
938 150 949 161 .
1461 141 1480 172 ι
1487 121 1548 173 55

111 247 321 301 alfidsoem-
354 262 399 288 c·
418 246 485 302 57.
522 245 593 300 167
614 258 631 286 τ’
665 246 792 285 omnis
819 245 919 285 mihi
940 257 1036 284 cura
1065 251 1102 282 ec
1128 256 1252 297 opera
1271 244 1403 298 posita
1427 243 1479 282 sic
1508 244 1553 282 ιἰι
1576 262 1583 272 ³

111 319 321 365 mmm
343 317 534 374 per-iadis
572 316 852 370 defendendis,
894 330 975 370 quo
1002 313 1093 355 loeo
1123 315 1220 354 item
1239 314 1446 353 ‘hominum
1476 328 1551 367 pro

112 390 239 447 vuhu'
252 390 426 433 ommim:
456 386 693 440 recepimus.
709 409 764 418 —
815 386 898 441 ραι
921 399 994 440 pro
1023 399 1159 441 quum,
1186 382 1296 438 quod
1313 382 1553 423 Lambinus

111 468 275 518 queque
305 461 349 501 in
368 461 495 502 .MSS.
523 462 746 509 invenerat,
771 467 812 500 et
842 460 1013 499 maxima
1041 472 1132 512 pars
1150 464 1381 497 nostrorum
1397 462 1552 507 tuetur,

111 535 295 576 restituta
337 548 435 573 voce
473 535 677 574 hominum
715 547 800 572 non
838 533 971 571 minus
1005 530 1272 571 necessarium
1299 535 1375 580 est,
1423 542 1554 582 quum

110 612 307 662 perpetua
331 606 439 646 vitae
465 607 586 658 ratio,
615 620 697 645 non
726 605 889 645 fortuita
915 603 1035 643 huius
1063 617 1206 642 causae
1229 602 1386 642 occasio
1423 601 1554 654 respi-

113 679 260 730 ciatur.
281 702 328 711 —
367 680 555 733 Denique
591 679 838 730 defendenda
860 701 911 708 —
943 677 1179 731 adiungerer·
1213 677 1386 731 optimos
1427 671 1555 721 libros

110 757 305 804 sequutus
338 751 548 804 rescripsi,
575 756 791 804 utrumque
826 747 948 803 paulo
977 749 1235 802 exquisitius,
1292 761 1414 803 quam
1446 743 1557 800 quod
1575 783 1585 790 ,

113 821 323 877 vulgatur.

229 909 293 950 19.
322 895 395 935 sed
417 909 512 936 vero
538 897 593 935 sic
619 894 767 951 agitur]
797 895 919 948 vulg:
948 895 1020 935 sed
1047 910 1096 935 ea
1127 908 1216 934 vero
1243 894 1301 932 sic
1328 893 1434 945 agit.-
1464 898 1506 930 at
1523 891 1557 931 si

112 966 190 1008 ista
219 967 349 1007 active
384 966 631 1008 enuntianda
672 967 837 1006 fuissent
856 997 867 1018 ‚
904 967 1164 1020 praeteritum
1189 972 1295 1004 certe
1321 961 1556 1016 requireba-

111 1044 182 1078 tur
222 1037 280 1077 sic
318 1038 417 1090 egit:
453 1050 563 1076 nuuc
589 1036 717 1076 multo
756 1039 889 1091 aptius
917 1037 1094 1076 conditio
1121 1050 1257 1075 rerum
1285 1034 1524 1075 describitur
1541 1048 1553 1072 ε

113 1110 171 1149 sic
205 1108 370 1162 agitur;
413 1121 518 1160 quae
553 1121 650 1147 sana
689 1106 765 1147 loci
797 1109 994 1161 scriptura
1021 1108 1073 1147 ab
1100 1109 1148 1147 iis
1176 1108 1340 1147 turbata
1370 1114 1451 1158 est,
1484 1107 1556 1160 qui

111 1178 328 1236 particulas
369 1179 443 1219 sed
477 1194 573 1221 vero
599 1181 787 1234 coniungi
826 1194 940 1234 posse
978 1194 1060 1219 non
1097 1187 1325 1233 putarunt3
1366 1179 1436 1219 sed
1475 1193 1558 1220 non

113 1251 258 1293 desunt
296 1251 420 1292 huius
446 1267 541 1293 usus
571 1253 747 1306 exempla
777 1253 885 1306 apud
914 1253 1148 1292 Ciceronem
1181 1252 1221 1291 in
1249 1252 1361 1306 gravi
1400 1251 1558 1305 opposi-

111 1327 223 1367 tione
251 1340 295 1367 v.
325 1340 359 1366 c.
402 1327 524 1367 Verr.
553 1326 608 1366 V.
639 1340 676 1365 c.
702 1326 743 1366 6.
784 1324 860 1376 14:
905 1326 944 1364 Ο
974 1327 1234 1381 praeclar-am
1262 1326 1556 1379 imperatorem,

111 1413 184 1440 nec
220 1400 302 1439 iam
340 1412 428 1438 cum
469 1398 550 1438 Μ.’
577 1398 758 1454 Aquillio
771 1429 782 1447 ‚
809 1399 1035 1450 finissimo
1075 1399 1164 1437 viro
1182 1426 1194 1449 ‚
1239 1397 1310 1435 sed
1336 1409 1448 1436 vero.
1471 1409 1560 1435 cum

114 1471 287 1521 Paulli-5,
316 1470 581 1526 ScipionibuS‚
607 1471 754 1512 stlat-iis
779 1472 1085 1524 cotgseretzdum!

225 1545 325 1584 Mox
354 1543 430 1595 14,
470 1558 504 1583 1.
535 1546 691 1583 reticeri
720 1559 794 1599 pro
822 1558 893 1592 eo,
926 1542 1035 1597 quod
1063 1543 1186 1598 vulgo
1214 1543 1373 1582 editur:
1403 1543 1563 1581 reticere

99 1629 282 1669 prorsus
313 1616 582 1656 necessarium
610 1622 720 1655 erat:
754 1630 850 1655 nam
880 1615 979 1670 quid
1003 1616 1134 1655 Sassia
1161 1615 1320 1655 silentio
1345 1616 1564 1669 praeterire

113 1686 262 1740 possit,
290 1685 335 1726 h.
366 1685 396 1726 l.
426 1701 509 1727 non
538 1688 764 1742 quaeritur.

226 1773 270 1814 p.
306 1758 353 1802 15
368 1789 380 1807 ‚
411 1772 456 1813 9.
488 1773 648 1815 sperare
670 1758 863 1815 potuerit]
934 1778 951 1796 υ
962 1760 1077 1800 Libri
1105 1760 1223 1800 MSS.
1257 1758 1435 1799 habent:
1475 1773 1564 1815 spe-

113 1844 208 1871 rare
246 1831 444 1886 potuerit:
494 1830 603 1872 unde
642 1831 744 1871 mihi
780 1839 871 1871 orta
909 1833 1083 1886 suspicio
1115 1839 1174 1872 est
1192 1862 1204 1884 ‚
1247 1830 1488 1886 legendum:
1505 1838 1567 1870 .ut

113 1916 245 1957 neque
289 1909 498 1942 aecusator
534 1904 676 1943 timere
703 1903 887 1944 debuerit
903 1934 916 1956 ‚
945 1919 1077 1959 neque
1105 1918 1196 1944 reus
1229 1917 1388 1958 sperare
1418 1913 1564 1960 potue-

114 1975 211 2014 rit-u
281 1974 392 2014 Haec
433 1973 682 2015 Lambinus:
725 1974 797 2015 sed
835 1977 1065 2015 coniectura
1099 1976 1183 2018 eius
1219 1991 1322 2032 opus
1363 1992 1447 2018 non
1475 1985 1563 2018 este

112 2045 219 2087 nihil
245 2047 353 2086 enim
384 2047 577 2101 impedit,
610 2062 692 2102 quo
722 2049 855 2088 minus
886 2057 1094 2090 accusator
1125 2065 1290 2105 quoque
1317 2065 1369 2091 ne
1397 2053 1569 2108 potuisse

113 2119 278 2174 quidem
308 2120 450 2159 timere
473 2119 528 2159 ob
557 2119 809 2160 manifestam
837 2122 894 2160 rei
922 2121 1084 2175 culpam
1111 2130 1202 2176 apte
1229 2123 1404 2162 dicatur.
1448 2124 1569 2164 Facit

111 2199 249 2233 tamen
277 2192 365 2232 eius
394 2191 593 2232 librorum
621 2195 838 2233 auctoritas
867 2208 959 2233 cum
986 2197 1149 2248 optimis
1179 2197 1326 2236 nostris
1355 2196 1407 2236 ad
1446 2203 1567 2236 tuen-

110 2263 209 2304 dam
250 2278 325 2318 pro
366 2263 532 2318 vulgato
575 2264 751 2305 debuerit
792 2268 1031 2320 scripturam
1077 2271 1267 2323 potuerit,
1321 2284 1427 2323 quae
1470 2283 1568 2309 sane

110 2339 376 2392 praestantior
413 2346 500 2378 est:
542 2353 637 2378 nam
672 2340 742 2393 qui
781 2341 923 2380 timere
963 2342 1047 2380 sive
1075 2355 1234 2394 sperare
1263 2355 1345 2380 non
1378 2341 1566 2390 debebat,

112 2410 150 2450 is
173 2417 310 2450 tamen
338 2411 504 2451 fortasse
531 2413 647 2451 timet
667 2418 707 2450 et
726 2419 886 2465 sperat:
918 2420 1135 2467 utrumque
1165 2413 1251 2454 ficri
1270 2428 1351 2453 non
1372 2414 1563 2467 potuisse,

111 2481 190 2522 hoc
217 2484 358 2538 utique
385 2483 745 2523 demonstrandum
779 2491 880 2524 erat.

230 2568 292 2595 ιι.
325 2555 557 2595 Staienum.-
603 2559 658 2596 sic
705 2555 782 2595 hoc
821 2570 969 2596 nomen
1014 2572 1099 2598 esse
1151 2558 1440 2609 scribendum,
1485 2572 1569 2598 non

62 2645 65 2646 ⁷
115 2625 343 2675 Scaleman,
387 2643 491 2682 quae
533 2635 591 2668 est
637 2628 767 2667 forma
803 2636 897 2669 ante
941 2629 1143 2669 Orellium
1178 2630 1230 2669 ab
1259 2630 1447 2671 omnibus
1477 2630 1570 2670 vul-

114 2703 238 2751 gata,
277 2697 414 2739 docuit
454 2698 521 2752 111.
564 2699 763 2740 Niebuhr.
807 2701 858 2741 ad
897 2700 983 2741 Cic.
1025 2702 1167 2755 fragm.
1196 2717 1287 2758 pag.
1319 2702 1383 2758 57.
1465 2703 1570 2743 Nam
