1846 3178
709 130 949 175 cm'ch.
1240 124 1246 133 ’
1448 123 1543 200 169

93 260 220 304 *aba
258 269 341 304 m
386 260 631 301 accusatione
657 271 750 299 cum
780 254 1114 312 praecedentibus
1140 253 1357 296 coniuncta
1382 252 1435 293 ad
1465 267 1543 307 op-

93 334 352 390 positionem,
378 346 483 387 quae
510 331 550 373 h.
578 331 606 375 l.
635 331 874 378 instituitur,
907 326 1144 383 explendam
1169 326 1430 380 pertinerent.
1462 325 1543 365 Sed

90 406 294 461 oppositio
335 406 498 446 nonnisi
534 405 642 445 inter
669 404 769 445 haec
794 401 1041 444 intercedere
1070 405 1228 454 potest.
1256 397 1380 438 verba
1407 411 1451 436 ex
1481 396 1542 436 al-

91 483 208 518 tem·
216 482 336 532 porte
353 507 365 526 ,
410 491 456 516 ex
484 475 611 516 altera
657 490 701 514 re
743 488 842 514 vera
870 482 909 513 et
929 471 1134 528 perizculo
1165 466 1269 511 illud
1307 480 1408 511 vero
1459 474 1541 507 tota

85 547 339 592 wambae
363 563 457 590 cum
485 556 657 603 utroque
684 547 868 591 membro
895 542 1224 598 coniungendum
1249 545 1325 585 est.

79 707 99 717 θ’
203 660 257 716 39
270 690 282 709 ‚
321 660 544 715 ¹7.ut1'q1oe
572 660 611 698 ei
637 655 761 712 locus]
819 655 882 696 Ne
907 654 1067 694 dubites
1093 654 1137 692 in
1165 651 1242 692 hac
1277 649 1454 689 dictione
1489 647 1541 687 de

81 730 231 790 ’dativo
269 733 323 782 ei,
364 745 493 792 quum
533 728 651 770 multi
692 727 810 769 codd.
853 725 1075 767 secundum
1117 736 1255 764 casum
1279 722 1540 772 substituant,

82 805 167 871 cfr.
209 819 244 845 c.
283 818 352 852 22.
385 802 454 862 59,
481 803 554 852 ubi
594 801 734 849 eadem
774 799 900 842 verba
937 797 1153 853 leguntur:
1185 796 1291 836 locas
1322 795 1360 835 ei
1383 794 1541 851 primus

91 885 150 917 esc
176 866 415 922 con-seinans.
758 880 761 885 '

202 978 258 1034 40
271 1010 284 1032 ,
315 981 358 1033 3,
398 980 493 1021 Iam
530 981 602 1021 Ιιοσ
623 993 751 1036 prope
776 975 891 1032 cett.]
948 974 1085 1030 Vulgo
1110 987 1261 1032 quoque
1287 970 1542 1018 inserebatur

89 1064 185 1092 cum
210 1051 414 1092 levissima
441 1053 677 1092 auctoritate
705 1058 745 1091 et
772 1051 859 1090 sine
886 1046 1100 1089 commodo
1128 1060 1275 1086 sensu:
1315 1058 1411 1085 nam
1437 1044 1543 1085 nihil

89 1125 188 1166 novi
214 1123 260 1164 h.
289 1123 321 1164 l.
350 1123 548 1164 affertur:
588 1123 659 1163 sed
703 1122 810 1163 faeta
860 1122 1066 1162 mentione
1091 1118 1352 1173 Cepasiorum
1367 1146 1382 1170 ,
1412 1118 1541 1159 simu-

88 1195 173 1237 hta
214 1194 380 1250 querela
415 1194 659 1250 lepid13sime
695 1202 735 1234 et
780 1193 1034 1234 acerbissime
1071 1191 1305 1241 subiicitur,
1350 1188 1461 1244 quod
1498 1189 1543 1233 ia

87 1267 257 1307 nummis
285 1265 587 1307 difficultatibus
607 1280 692 1307 non
719 1267 861 1321 optimi
891 1265 1053 1320 patroni
1081 1263 1362 1305 adhibeantur.
1419 1263 1539 1303 Hane

87 1335 172 1378 loci
206 1339 336 1378 nostri
381 1339 579 1379 rationem
614 1338 745 1380 omnis
784 1351 852 1379 eos
887 1337 1031 1390 fugisse
1055 1342 1228 1389 oportet,
1258 1336 1329 1390 qui
1354 1337 1398 1375 in
1430 1349 1544 1390 seqq.

87 1410 436 1462 additamentum,
477 1410 590 1465 quod
630 1412 674 1450 iu
716 1411 884 1449 vetustis
922 1408 1165 1452 editionibus
1196 1415 1405 1463 receptum
1431 1414 1544 1448 eratz

87 1484 170 1524 nisi
193 1485 313 1537 sbrte
340 1506 391 1514 —-
415 1493 623 1539 praestare
654 1483 797 1523 debent
824 1511 835 1534 ‚
884 1488 1078 1536 tanquam
1116 1481 1300 1536 spurium
1342 1480 1546 1534 aspernati

87 1562 198 1598 sunt.
268 1554 375 1595 Nam
416 1554 516 1594 haec
545 1554 722 1594 clausula
749 1562 835 1594 tam
862 1554 1086 1594 necessaria
1113 1559 1173 1593 est
1200 1552 1254 1595 ad
1293 1551 1545 1607 praeclaram

84 1625 209 1668 huius
245 1626 322 1667 loci
349 1622 621 1668 urbanitatem
649 1627 974 1682 percipiendam,
1020 1633 1092 1675 ut,
1122 1633 1274 1666 resecta
1303 1639 1376 1675 ea,
1422 1639 1544 1684 nemo

85 1699 246 1739 serione
292 1713 344 1739 an
387 1701 478 1740 ioco
514 1699 614 1740 haec
644 1700 787 1740 Cicero
813 1699 959 1739 dixerit
979 1730 992 1752 ,
1021 1699 1147 1754 possit
1172 1699 1412 1745 discernere.
1469 1699 1544 1739 Ri-

84 1769 222 1811 dicule
247 1771 446 1826 ,profecto
486 1773 684 1812 Graevius
714 1772 948 1812 Manutium
977 1771 1237 1826 reprehendit
1263 1773 1437 1811 ironiam
1461 1770 1543 1817 fin-

83 1852 242 1897 gentem
268 1843 442 1900 scilipet:
474 1845 590 1899 quasi
618 1858 739 1884 sanus
768 1845 984 1899 quisquam
1005 1844 1046 1885 h.
1067 1844 1098 1884 l.
1116 1843 1166 1883 de
1194 1844 1327 1883 ironia
1356 1843 1544 1883 dubitare

84 1917 238 1970 possit3
282 1918 397 1971 quasi
438 1931 580 1957 revera
606 1916 685 1966 ¹hoc
710 1917 964 1972 iniquissime
992 1925 1273 1971 comparatum
1306 1917 1382 1966 sit,
1431 1914 1544 1970 quod

82 1985 204 2041 probi
243 1993 286 2027 et
327 1987 486 2027 honesti
529 1989 688 2042 patroni
716 1988 868 2033 famam
898 1989 1137 2043 integritatis
1175 2002 1272 2028 suae
1303 1991 1347 2027 in
1375 1987 1545 2027 nefariis

84 2059 214 2099 causis
243 2058 505 2100 defendendis
537 2060 756 2115 periclitari
792 2069 992 2101 recusent.
1053 2062 1260 2116 Legantur
1287 2059 1426 2111 modo,
1439 2073 1549 2114 quae

83 2129 229 2171 Cicero
254 2131 360 2171 infra
388 2146 424 2175 c.
454 2134 519 2186 39.
549 2146 614 2173 ex.
631 2135 736 2175 serio
765 2133 887 2173 dicit:
918 2133 1031 2174 Erat
1055 2134 1210 2174 Romae
1242 2146 1396 2173 summa
1422 2133 1546 2187 copia

75 2212 339 2260 patronorum
355 2234 367 2253 ‚
405 2219 573 2261 quorum
615 2214 718 2245 certe
750 2206 897 2262 aliquis
933 2205 1176 2256 defendisset
1199 2205 1368 2261 equitem
1397 2204 1546 2249 Roma-

81 2288 202 2325 num,
241 2276 287 2316 ἰη
326 2278 541 2332 municipio
577 2291 645 2318 sao
677 2277 847 2319 nobilem
862 2308 872 2327 ‚
907 2279 944 2317 si
968 2279 1123 2317 honeste
1146 2285 1324 2334 putasset
1352 2274 1545 2320 eiusmodi

81 2359 251 2387 causam
271 2361 387 2403 posse
412 2347 588 2401 defendi.
643 2347 723 2388 Sed
757 2348 801 2388 h.
846 2347 874 2392 l.
903 2347 1088 2388 consulto
1121 2362 1219 2388 vera
1246 2349 1368 2400 ratio,
1397 2361 1546 2402 quam·-

82 2419 227 2460 obrem
253 2433 398 2460 causae
428 2420 636 2473 improbae
662 2419 715 2460 ab
742 2420 922 2462 honestis
949 2422 1130 2475 patronis
1154 2421 1447 2471 destituantur,
1471 2419 1546 2464 ad-

82 2489 271 2530 simulata
300 2491 476 2545 quadam
505 2490 757 2534 dubitatione
772 2493 941 2547 tegitur,
956 2500 1153 2547 tanquam
1181 2506 1288 2543 reus,
1320 2491 1543 2532 dummodo

82 2558 183 2600 velit
207 2568 247 2602 et
277 2575 443 2616 operam
471 2563 680 2616 impendat
700 2593 711 2612 ‚
742 2570 789 2604 ut
822 2564 865 2603 in
891 2563 1046 2605 morbis
1086 2564 1374 2617 peritissimum
1414 2563 1543 2604 medi-

82 2647 203 2683 cum,
243 2635 300 2675 sie
327 2637 370 2676 in
400 2636 646 2676 iudiciorum
678 2636 872 2691 periculis
900 2637 1100 2691 optimum
1127 2651 1331 2692 quemque
1359 2636 1544 2677 defenso-

81 2719 171 2755 rem
209 2706 286 2750 sibi
330 2722 565 2764 comparare
602 2710 739 2765 possit.
808 2710 887 2757 Sed
928 2712 971 2755 in
1012 2712 1089 2753 ista
1120 2710 1372 2757 dubitatione
1413 2712 1544 2758 oratio
