1846 3178
757 142 1003 203 cm'ncA.
1510 146 1599 208 149

243 266 329 309 45.
353 267 576 324 pamma),
608 264 710 321 tum]
752 266 929 306 Probam
957 265 1074 304 istam
1105 263 1226 303 huius
1254 260 1330 300 loci
1359 262 1599 315 scripturam

143 336 246 388 ,wll-
272 333 591 391 Salisburgensis
615 344 659 377 et
687 335 769 391 pal.
797 337 923 378 Tam.
953 334 1141 373 firmant:
1175 345 1318 386 magna
1348 331 1599 386 reliquorum

142 408 329 449 ‘vertens
367 409 613 464 (peroratum
649 411 724 449 eric
739 439 750 458 ,
777 408 930 462 ficet-it)
979 413 1114 460 aperte
1152 411 1240 444 orta
1282 410 1342 443 est
1377 417 1423 442 ex
1456 403 1600 443 lacuna

148 479 220 521 illa
245 480 398 520 'temere
425 479 634 534 suppleta,
674 494 778 534 quae
813 481 856 518 in
898 479 1050 532 optimo
1083 475 1322 515 Florentino
1360 480 1497 514 nostro
1535 475 1599 513 in-

148 551 259 591 tucta·
285 551 460 592 mansit:
485 567 564 608 per
591 581 604 592 .
634 583 643 593 .
673 582 685 593 .
715 562 808 594 tum.

260 622 326 664 16.
365 623 520 680 animo]
550 624 661 679 vulg.
697 639 725 664 a
751 639 813 663 me
832 638 845 663 ε
883 636 1021 663 veram
1050 621 1262 661 lectionem
1289 620 1360 660 diu
1389 618 1597 658 oblittera-

147 699 234 733 tam
262 693 368 734 bene
394 696 571 735 restituit
599 695 792 736 Orellius.
854 696 998 735 Animo
1025 695 1222 749 requiret-e
1253 691 1355 730 nihil
1382 691 1493 732 aliud
1521 699 1596 740 est,

147 778 271 820 quam
302 767 412 821 quod
439 767 562 807 modo
587 767 764 806 dixerat:
798 768 955 806 tacitum
985 765 1214 817 cogilariom'
1241 763 1450 803 subiicere.-
1489 764 1599 819 quod

152 837 264 877 euim
293 838 398 878 inter
425 840 554 894 ipsam
579 839 849 879 defensionem
875 837 1026 877 iudices
1039 835 1171 875 facere
1196 835 1324 881 vetuit
1335 842 1485 887 orator,
1496 836 1538 875 id
1554 843 1600 875 ut

147 907 307 950 faciant·
323 909 510 950 absoluta
537 911 719 950 oratione
741 940 751 958 ,
781 909 986 949 bortatur.

258 994 310 1036 9,
339 994 380 1036 7.
408 989 448 1020 ee
466 994 546 1036 pro
575 979 692 1035 vivo]
749 980 841 1019 Non
869 978 1032 1032 languet
1059 977 1232 1017 alterum
1255 990 1360 1033 pro,
1404 979 1513 1031 quod
1552 993 1598 1019 ex

146 1051 286 1093 multis
315 1051 442 1106 iisque
469 1052 630 1106 optimis
657 1050 775 1090 codd.
811 1051 1076 1089 restituimus.
1135 1049 1241 1088 Nam
1273 1063 1401 1102 quum
1440 1057 1599 1090 utrum-

149 1137 230 1180 que
265 1123 508 1164 adiectivum
547 1123 773 1170 (incolumis
815 1130 856 1162 et
892 1124 1024 1169 vivus)
1063 1120 1181 1160 solito
1221 1121 1401 1175 quodam
1440 1122 1601 1163 dicendi

145 1209 223 1236 usu
254 1193 370 1234 facile
397 1193 450 1234 ad
479 1194 648 1233 eandem
677 1193 811 1233 salvae
842 1194 949 1232 vitae
980 1193 1310 1246 significationem
1335 1193 1486 1233 referre
1506 1209 1602 1248 pos-

145 1272 234 1310 sent
250 1295 264 1318 ,
292 1265 483 1306 disertius
511 1273 627 1305 erant
645 1295 656 1316 ,
689 1266 858 1318 repetita
883 1265 1204 1318 praepositione,
1235 1264 1497 1319 disiungenda
1514 1296 1525 1317 ,
1556 1274 1602 1305 ut

144 1339 354 1379 Incolumis
370 1338 562 1378 damnato
581 1337 720 1378 eodem
741 1337 862 1376 modo
875 1338 1026 1391 opponi
1042 1344 1263 1391 appareret,
1279 1338 1487 1390 quovivus
1503 1352 1602 1377 mor·-

143 1418 210 1450 tuo
233 1409 453 1464 objicitur:
481 1410 685 1448 incolumis
705 1410 811 1448 enim
824 1409 866 1450 h.
882 1409 910 1448 l.
923 1411 954 1448 is
972 1416 1047 1460 est,
1063 1411 1133 1463 qui
1154 1423 1377 1463 numquam
1389 1410 1602 1449 damnatus

145 1480 303 1521 nullam
332 1481 375 1520 in
414 1479 572 1519 iudiciis
610 1479 870 1520 offensionem
903 1482 1070 1533 accepit.
1139 1480 1262 1530 Quod
1288 1481 1321 1519 si
1350 1488 1458 1520 recte
1485 1488 1599 1520 tene-

142 1559 236 1605 tur,
266 1555 387 1593 etiam
415 1553 457 1592 in
484 1553 742 1607 sequentibus
766 1554 1009 1605 praestantia
1036 1552 1122 1591 eius
1142 1551 1325 1591 lectionis
1342 1551 1596 1606 intelligitur,

143 1636 269 1677 quam
294 1622 455 1664 duobus
483 1622 633 1663 nostris
660 1623 828 1677 egregiis
856 1621 970 1661 libris
998 1622 1216 1661 debemus:
1245 1620 1309 1660 hic
1337 1646 1389 1651 ——
1419 1624 1600 1677 accipere

142 1708 221 1749 pro
255 1696 424 1735 Μία-
452 1695 649 1735 accedere.
722 1695 822 1733 Nam
862 1693 1053 1733 incolumi
1096 1693 1228 1733 adhuc
1256 1693 1469 1742 Cluentio,
1516 1708 1598 1733 non

143 1774 231 1807 erat
257 1766 507 1818 verendum,
549 1781 602 1806 ne
633 1766 731 1820 quid
775 1781 905 1806 novae
942 1765 1171 1806 offensionis
1199 1768 1233 1806 ei
1274 1765 1495 1812 accederet,
1528 1765 1597 1803 sed

141 1851 195 1878 ne
219 1837 345 1878 ullam
372 1840 539 1878 omuino
567 1839 778 1893 acciperet.
838 1839 1082 1885 Lambinus,
1127 1841 1196 1892 qui
1228 1838 1400 1877 eundem
1437 1850 1598 1875 sensum

139 1912 385 1967 quaesivisse
428 1911 589 1951 videtur
606 1942 618 1964 ,
659 1912 837 1951 accidere
889 1912 1000 1951 dedit
1046 1926 1120 1965 pro
1158 1910 1343 1949 accedere
1362 1940 1372 1956 ‚
1410 1908 1479 1948 sed
1510 1910 1597 1948 sine

140 1983 328 2024 codicum
356 1985 610 2024 auctoritate.
634 2005 685 2015 —
722 1983 910 2037 Denique
938 1985 969 2023 si
999 1998 1118 2037 quein
1147 1986 1187 2022 in
1219 1985 1279 2029 iis,
1316 1996 1421 2035 quae
1453 1982 1596 2020 rescri-

139 2057 295 2110 psimus
339 2055 500 2096 eosdem
547 2055 672 2095 libros
717 2056 873 2095 secuti:
913 2070 1024 2094 sensu
1064 2069 1113 2093 ac
1144 2054 1344 2102 molestia,
1389 2053 1594 2092 diversum

139 2129 353 2168 nominum
400 2141 527 2182 genus
567 2127 745 2167 offendat
785 2142 877 2167 cum
923 2127 1119 2166 adiectivo
1152 2127 1272 2166 unius
1314 2127 1470 2179 generis
1498 2139 1596 2164 con-

139 2200 350 2238 iunctum:
406 2199 651 2238 acerbissimo
673 2229 685 2247 ‚
737 2199 923 2238 observet
960 2199 991 2238 is
1037 2198 1205 2238 eandem
1260 2197 1462 2237 licentiam
1510 2212 1596 2236 sae-

141 2271 234 2324 pius
283 2285 308 2310 a
347 2271 542 2311 Cicerone
578 2271 820 2321 admissam,
861 2285 901 2309 v.
944 2286 980 2309 c.
1020 2286 1094 2323 pro
1134 2270 1262 2309 Sestio
1299 2285 1339 2309 c.
1378 2283 1415 2311 2.
1448 2269 1497 2308 5:
1545 2270 1597 2309 de

141 2342 272 2383 studio
301 2343 598 2383 conservandae
628 2344 762 2382 salutis
789 2345 1003 2400 communis
1032 2353 1070 2382 et
1096 2344 1179 2382 otii.

260 2430 323 2471 17.
345 2415 502 2472 petam]
533 2425 739 2471 repetam,
773 2415 884 2469 quod
926 2414 1048 2468 vulgo
1078 2415 1212 2453 editur
1232 2445 1242 2461 ‚
1288 2416 1327 2453 in
1371 2413 1486 2454 nullo
1529 2429 1597 2454 co-

143 2486 235 2528 dice
272 2497 468 2543 apparet,
510 2489 579 2529 sed
614 2503 659 2528 ex
697 2487 830 2527 inutili
859 2488 1108 2527 correctione
1143 2495 1282 2526 natum
1313 2493 1397 2526 est:
1430 2487 1595 2540 simpl-ex

142 2560 315 2600 verbum
356 2561 498 2600 codem
549 2560 670 2600 modo
714 2562 889 2614 positum
926 2567 985 2598 est
1020 2559 1123 2598 infra
1162 2574 1198 2598 c.
1237 2574 1306 2598 21.
1354 2558 1429 2598 58:
1459 2560 1600 2615 incipit

141 2631 263 2684 longo
303 2641 340 2671 et
369 2633 448 2671 alte
469 2633 594 2687 petito
618 2632 849 2686 prooemio,·
878 2646 952 2685 pro
982 2632 1156 2671 Caecina
1187 2647 1220 2670 c.
1250 2633 1292 2682 4.
1335 2647 1402 2672 io:
1433 2634 1598 2685 siforte

148 2702 311 2743 videtur
337 2704 454 2744 αίιίαε
482 2705 639 2745 initium
668 2705 729 2742 tei
754 2702 1084 2743 demonstrandae
1108 2705 1264 2758 petisse.
