1846 3178
591 124 700 198 PRO
736 156 789 196 A.
807 151 1107 194 CLUENTIO.
1506 173 1563 220 77

129 282 475 335 recordemini.
545 285 615 340 Is,
660 280 803 348 quasi
850 297 956 328 non
1001 287 1122 326 esset
1167 273 1275 323 ullo
1319 273 1468 323 modo
1501 274 1570 323 fe-

129 365 366 425 rendum,
419 381 470 414 se
501 381 561 413 ex
594 363 785 412 iudicio
819 359 1085 411 discessisse
1118 357 1335 415 victum,
1401 374 1508 405 rem
1540 376 1569 406 a

124 448 370 505 'subselliis
383 447 447 496 ad
475 458 635 496 rostra
657 446 857 495 detulit.
894 446 960 493 Et
992 444 1092 492 iam
1114 441 1383 510 querimur
1414 457 1572 508 saepe,

125 527 421 578 hominibus
454 528 594 576 novis
626 545 733 576 non
765 526 880 575 satis
914 542 1119 592 magnos
1153 523 1209 572 in
1249 521 1344 571 hac
1372 521 1573 570 civitate

99 612 225 660 Besae
256 609 489 660 fluctus?
553 610 688 676 Nego
734 626 949 676 usquam
998 623 1246 672 umquam
1286 604 1436 653 fuisse
1469 621 1573 652 ma·-

128 692 283 742 iooes:'
310 692 425 752 ubi,
467 693 508 742 si
542 689 658 761 quis
693 691 905 759 ignobili
942 691 1052 738 loco
1104 702 1276 747 natus,
1326 686 1398 735 ita
1438 685 1573 744 vivit,

126 785 190 823 ut
222 773 503 824 nobilitatis
531 773 830 841 dignitatem
863 771 1052 821 virtute
1087 769 1219 819 tueri
1250 772 1388 837 posse
1409 766 1576 817 videa·

59 841 73 851 ’
129 867 237 916 tur,
273 873 434 924 usque
467 873 526 904 eo
549 854 803 926 pervenit,
836 851 1008 921 quoad
1032 870 1151 914 eum
1175 849 1427 899 industria
1456 867 1575 898 cum

129 937 425 988 innocentia
458 945 721 1006 prosecuta
754 944 848 982 est:
905 932 946 981 si
980 932 1096 1000 quis
1129 943 1300 980 autem
1335 929 1433 977 hoc
1466 947 1572 979 uno

77 1019 339 1078 innititur,
375 1016 518 1085 quod
551 1016 616 1066 sit
634 1013 895 1082 ignobilis,
931 1012 1160 1083 procedit
1191 1030 1336 1082 saepe
1358 1012 1575 1080 longius,

128 1119 287 1170 quam
318 1101 359 1150 si
393 1099 529 1149 idem
563 1099 650 1147 ille
684 1109 806 1146 esset
839 1113 958 1144 eum
992 1093 1168 1152 iisdem
1199 1096 1300 1145 suis
1323 1094 1458 1145 vitiis
1484 1114 1574 1145 no-

129 1183 412 1234 bilissimus.
457 1184 526 1231 Ut
559 1180 834 1245 Quinctius
868 1177 1021 1241 (nihil
1054 1178 1194 1227 enim
1218 1177 1384 1227 dicam
1401 1177 1474 1226 de
1499 1195 1576 1226 ce·-

130 1263 267 1328 teris)
301 1265 342 1315 si
377 1265 549 1318 fuisset
581 1264 734 1312 homo
769 1261 981 1319 nobilis,
1026 1261 1142 1328 quis
1181 1278 1300 1309 eum
1333 1279 1451 1309 cum
1486 1260 1575 1308 illa

127 1347 366 1418 superbia
401 1359 555 1414 atque
589 1342 916 1393 intolerantia
950 1342 1083 1391 ferre
1113 1342 1388 1410 potuisset?
1421 1340 1576 1406 Quod

82 1432 191 1480 1'5eo
224 1430 335 1479 loco
368 1428 496 1487 fuit,
532 1427 604 1476 ita
639 1426 900 1483 tulerunt,
948 1436 1032 1484 ut,
1066 1425 1106 1473 si
1142 1423 1270 1491 quid
1305 1423 1510 1472 haberet
1545 1441 1575 1472 a

130 1525 316 1562 natura
351 1510 501 1568 boni,
550 1507 779 1578 prodesse
813 1506 858 1555 ei
895 1518 1138 1575 putarent
1171 1519 1433 1574 oportere:
1482 1523 1576 1555 su·-

129 1593 362 1662 perbiam
395 1603 566 1640 autem
606 1602 761 1656 atque
805 1589 1145 1655 arrogantiam
1187 1586 1295 1636 eius
1341 1585 1575 1638 deriden-

129 1675 247 1725 dam
279 1673 435 1741 magis
467 1671 843 1722 albitrarentur
876 1682 1085 1738 propter
1117 1657 1464 1718 humilitatem
1484 1669 1576 1718 ho-

127 1757 308 1815 minis,
353 1774 510 1824 quam
543 1750 1007 1824 pertimescendam.
1076 1749 1196 1808 Sed,
1246 1762 1307 1799 ut
1340 1751 1466 1800 illuc
1501 1770 1574 1801 re-

75 1851 318 1891 novertart
363 1855 467 1905 quo
508 1849 734 1905 tempore
781 1833 1133 1883 Fidiculanius
1181 1845 1252 1882 est
1298 1833 1570 1891 absolutus,

129 1932 214 1980 tu,
245 1918 338 1988 qui
371 1916 560 1967 iudicia
595 1917 726 1966 facta
760 1932 1147 1975 commemoras,
1191 1932 1408 1983 quaero,
1441 1919 1571 1984 quid

128 2014 241 2053 tum
275 2017 374 2051 esse
405 1999 654 2050 existimas
686 1998 1006 2048 iudicatum?
1054 2010 1200 2048 certe>
1228 2000 1381 2066 gratis
1425 1999 1570 2050 iudi-

237 2213 276 2242 2.
306 2198 358 2238 ab
386 2197 583 2239 subselliis
611 2198 653 2236 in
681 2203 811 2236 rostra
921 2195 960 2238 6.
990 2196 1102 2235 vivat
1234 2210 1299 2239 21.
1329 2198 1398 2251 qui
1428 2210 1474 2236 ea
1514 2198 1569 2236 iu-

236 2254 341 2294 dicia

218 2442 252 2467 2
275 2425 664 2478 aABabehnqvoe
725 2428 770 2461 ab
798 2430 952 2475 Rvulg.
1030 2431 1060 2464 3.
1087 2428 1132 2462 ad
1167 2427 1271 2462 ABb
1301 2428 1472 2469 (corr)}
1526 2428 1566 2461 in

126 2479 278 2524 Rvulg.
370 2478 403 2522 4.
440 2478 599 2510 hominis
626 2478 656 2511 B
750 2477 780 2509 5.
816 2454 938 2523 negof⁷
951 2486 1070 2522 neque
1096 2477 1211 2509 inoa
1309 2475 1341 2508 6.
1380 2475 1443 2520 qui
1479 2473 1565 2509 bde

115 2523 588 2579 sghklpqrstuvwdg
680 2522 799 2556 nobili
836 2527 900 2557 &a
992 2529 1099 2556 uatus
1137 2523 1184 2556 sit
1208 2522 1279 2556 AB
1370 2523 1460 2554 vivit
1492 2523 1567 2556 AB

127 2570 744 2664 edesghl'klsloqu'stuvd'l
790 2558 886 2604 vival.
918 2571 948 2606 R
981 2571 1072 2615 vulg
1177 2582 1206 2614 9
1246 2574 1432 2614 persecuta
1462 2580 1565 2616 quw

361 2629 396 2651 ιιι
436 2631 458 2651 a
497 2617 580 2652 cde
579 2617 703 2664 fpgl
717 2625 823 2650 rstu
965 2628 1009 2651 ιι.
1051 2616 1113 2648 ille
1146 2616 1242 2648 idem
1277 2624 1326 2647 αε
1397 2616 1511 2648 isdem
1538 2628 1565 2662 p

125 2631 249 2711 vitiis]
265 2629 357 2698 civis
375 2666 444 2699 AB
546 2667 591 2699 13.
618 2630 703 2712 ina]
729 2675 791 2696 sua
819 2677 865 2698 no
990 2667 1035 2700 15.
1062 2665 1100 2707 a]
1136 2664 1173 2695 in
1198 2661 1487 2708 abcdesghtlc
1500 2674 1563 2695 mo

125 2725 212 2767 pqr·
224 2711 446 2750 εειιυαδζ
548 2724 607 2757 ¹7·
634 2717 742 2757 atque
767 2723 832 2744 om.
859 2713 888 2746 Β
984 2722 1041 2744 20.
1084 2709 1270 2744 absolutus
1305 2715 1358 2744 est
1381 2712 1411 2744 A
1513 2720 1563 2747 αι.

127 2760 191 2806 qui
212 2757 348 2794 iudicia
373 2759 444 2792 ΑΒ
514 2758 577 2805 qui
603 2769 645 2792 ea
671 2758 749 2792 iud.
771 2759 844 2793 Ro
913 2769 1048 2806 quaero
1072 2769 1138 2793 om.
1163 2757 1235 2792 AB

1600 958 1672 984 1¹2

1607 1764 1666 1811 41
