1846 3178
287 155 371 187 VIII

289 266 336 305 P.
352 265 420 320 47,
457 280 518 306 12.
549 267 627 305 iam
658 268 727 305 Ιιοι·
756 282 830 305 ηοη
861 268 1052 318 ignoratis
1198 269 1279 307 iam
1307 268 1377 308 hoc
1407 268 1592 320 ignorans

291 369 312 391 n
344 353 412 406 56,
468 369 506 408 7.
537 356 600 394 illi
627 355 769 393 iudicio
797 354 992 393 invidiam
1182 355 1247 394 illi
1272 354 1472 395 invidiam

291 458 309 477 ι»
347 441 415 492 81,
450 440 508 480 15.
537 455 651 496 quum
664 440 797 495 fidem
826 449 863 478 et
889 440 1130 492 diligentiam
1178 440 1309 495 fidem
1335 422 1372 480 et
1399 440 1516 495 dilig.

292 544 312 567 υ
342 529 412 579 85,
451 544 511 583 ¹7·
542 529 635 568 dum
666 542 762 567 vero
1194 542 1311 583 qmcm
1339 543 1434 570 vero

290 633 310 656 ιι
342 631 412 671 92,
452 616 511 655 15.
542 615 766 654 existimari
1191 617 1422 655 existimare

290 721 307 741 n
336 704 406 758 93,
442 705 502 744 13.
533 704 581 743 ob
609 702 821 757 Oppianici
841 702 1134 742 damnationem
1187 702 1246 742 ad
1272 702 1380 757 Opp.
1411 701 1546 742 damn.

289 807 309 828 ι
342 789 412 845 95,
447 791 513 830 13.
543 790 788 842 referendum
1190 789 1471 845 perstrendum

287 894 304 912 n
345 890 414 931 99,
451 891 510 931 ¹9·
543 877 713 916 recitata
741 891 816 915 esse
1191 877 1351 916 recitata

290 978 308 999 n
338 975 424 1012 122,
466 976 507 1015 9.
537 971 617 1000 tam
643 962 714 1000 diu
1194 962 1346 1001 iamdiu

291 1065 310 1086 ιι
337 1063 427 1109 ¹²7²
470 1050 510 1089 5.
540 1049 777 1104 quaerebant
801 1050 973 1088 homines
1191 1051 1361 1090 homines
1399 1050 1506 1101 (om.
1546 1056 1714 1104 quaeri-

1194 1136 1311 1184 bant)

287 1228 307 1260 ἢ
341 1245 408 1272 —-‚
441 1221 509 1262 25.
538 1223 618 1261 sine
646 1235 762 1260 causa
788 1221 829 1258 in
861 1221 1123 1274 quaestionem
1185 1223 1266 1260 sine
1303 1235 1420 1260 cama
1452 1220 1712 1276 quaestionem

290 1325 308 1346 n
334 1323 424 1363 129,
453 1308 514 1348 ¹8.
544 1311 586 1348 in
612 1309 747 1364 quibus
1090 1315 1094 1320 ”
1190 1309 1240 1347 de
1268 1308 1402 1363 quibus

396 1394 470 1433 His
506 1394 601 1433 locis
637 1395 757 1449 igitur
793 1407 917 1446 quum
961 1392 1246 1445 praeiudicium
1296 1393 1499 1447 quoddam
1534 1397 1712 1451 superio·

282 1494 373 1520 rum
424 1480 621 1519 editorum
667 1487 869 1519 teneamus
890 1510 901 1527 ‚
968 1495 1011 1518 ex
1068 1493 1149 1532 quo
1207 1480 1298 1519 satis
1357 1487 1465 1520 certo
1527 1481 1715 1537 colligere

288 1566 404 1616 licet,
466 1566 584 1605 etiam
633 1565 718 1604 aliis
746 1563 840 1603 locis
884 1564 995 1613 illos,
1040 1568 1072 1603 si
1113 1564 1295 1604 meliores
1345 1567 1558 1620 scripturas
1611 1582 1714 1621 pau-

285 1666 422 1691 corum
452 1651 658 1700 codicum,
699 1665 798 1704 quos
841 1658 920 1689 tam
961 1665 1073 1704 saepe
1100 1653 1257 1704 sequuti
1285 1659 1396 1703 sunt,
1434 1654 1609 1707 cognitas
1638 1653 1712 1693 ha-

768 1709 777 1721 .
1402 1712 1406 1717 .

281 1740 484 1792 buissent,
516 1753 580 1779 eas
608 1753 686 1778 non
717 1747 917 1793 spreturus
945 1738 1095 1790 fuisse3
1125 1739 1204 1779 iam
1232 1746 1415 1779 nostrum
1435 1754 1518 1780 esse
1536 1741 1711 1790 videtur,

282 1834 327 1866 ut
358 1842 403 1866 ex
435 1841 581 1880 magno
611 1839 779 1864 numero
807 1839 1025 1873 novarum,
1068 1838 1164 1877 quas
1191 1824 1309 1877 primi
1343 1838 1388 1864 ex
1429 1824 1568 1864 iisdem
1599 1825 1711 1866 libris
1768 1851 1773 1859 κ

279 1913 496 1966 recepimus
521 1942 533 1964 ‚
573 1908 892 1950 emendationum
932 1908 1232 1962 praestantiores
1269 1907 1460 1962 quasdam
1499 1908 1711 1964 eligamus,

280 2007 326 2039 ut
353 2002 449 2039 istae
483 1997 589 2051 apud
629 2010 779 2049 aequos
814 1995 964 2034 iudices
995 1995 1108 2047 quasi
1145 2001 1265 2033 testes
1291 1995 1369 2033 sint
1411 2002 1451 2034 et
1491 2003 1711 2057 sequestres

280 2087 401 2126 totius
417 2084 652 2125 re‘eensionis
671 2090 829 2123 nostrae
846 2083 1124 2136 praestantiae.
1177 2081 1419 2120 Exhihemus
1434 2083 1553 2137 igitur
1568 2083 1709 2124 'talium

280 2171 457 2211 locorum
485 2171 704 2219 deiectum,
748 2169 798 2208 ad
826 2183 950 2222 quos⁷
998 2170 1030 2207 si
1073 2169 1160 2221 quis
1197 2174 1398 2221 accuratas
1433 2169 1604 2210 rationes
1643 2185 1710 2212 re*-

279 2259 433 2312 quirat,
462 2257 762 2296 adnotationem
797 2263 974 2295 nostram
1003 2255 1198 2295 consulat.

434 2345 568 2384 Lectio
600 2344 780 2383 editionis
808 2350 979 2381 nostrae.
1269 2343 1405 2382 Lectio
1435 2343 1610 2396 vulgata.

278 2431 326 2474 P.
372 2446 414 2485 9,
470 2447 510 2486 9.
542 2432 603 2469 lzic
636 2438 763 2468 cilicem
784 2459 794 2474 ,
819 2442 896 2481 pro
924 2441 997 2482 quo
1027 2428 1126 2466 dici-
1181 2429 1266 2466 hnic
1294 2437 1435 2476 autem,
1449 2442 1526 2482 pro
1547 2441 1622 2482 quo
1640 2428 1705 2468 di·-

543 2532 624 2557 mus
640 2547 649 2565 ,
681 2517 782 2555 nihil
802 2518 925 2570 possit
950 2515 1130 2568 cffinsio-
1185 2517 1299 2565 citur,
1318 2538 1370 2546 —-
1399 2515 1579 2556 accedere

549 2606 608 2643 nis
636 2604 808 2656 accipere
