1846 3178
126 199 140 215 ἱ
585 137 697 177 PRO
727 135 781 176 A.
813 133 1113 176 CLUENTlo.
1528 154 1560 202 9

42 224 61 245 Ο

53 299 63 313 .
129 257 442 313 monis.
509 260 712 310 Etenim
755 260 850 310 tibi
882 260 922 310 si
957 259 1014 309 in
1046 255 1326 329 praesentia
1366 256 1562 307 satisfa-

126 331 238 391 cere
270 322 376 390 iion
409 353 650 410 potuero,
686 354 855 392 tamen
888 343 1078 391 multae
1094 337 1238 390 iffihi
1271 337 1335 387 ad
1367 339 1562 415 satisfa-

124 421 206 492 ⁰5(
238 421 364 472 dum
383 422 582 490 reliquo
605 435 829 493 tempore
851 423 1111 472 facultates
1135 419 1418 470 dabuntur:
1447 421 1563 468 Clu-

123 438 288 567 eff‘e,
323 507 380 556 ni
404 523 545 555 nunc
562 507 866 566 satisfecero,
901 519 1070 576 postea
1084 494 1562 554 mihisaz‘tisfaciendi

97 575 338 656 Spotestas
359 607 463 638 non
485 590 594 639 erit.
661 590 820 639 Simul
847 602 896 638 et
920 587 1051 637 illud
1081 588 1195 654 quis
1226 599 1318 647 est,
1351 585 1444 653 qui
1469 583 1562 633 du-

121 670 287 720 bitare
320 669 523 731 debeat,
559 685 736 722 contra
770 671 1069 720 damnatum
1102 682 1152 718 et
1177 683 1438 719 mortuum
1467 685 1560 738 pro

120 751 371 802 incolumi
405 766 456 803 et
487 772 581 823 pro
618 754 726 803 vivo
761 752 952 801 dicere:
988 771 1151 821 quum
1186 751 1285 810 illi,
1322 750 1377 799 in
1409 767 1563 818 quem

87 898 90 900 Α
121 834 334 898 dicitur,
364 836 622 888 damnatio
646 853 795 885 omne
819 835 1126 903 ignominiae
1147 834 1437 904 periculum
1460 833 1563 882 iam

121 917 406 979 abstulerit,
452 937 585 968 mors
628 937 745 969 vero
786 921 940 970 etiam
987 918 1200 980 doloris3
1249 916 1335 965 hic
1368 928 1556 977 autem,

24 1018 215 1104 Qiropro
247 1019 351 1070 quo
385 1001 624 1063 dicimus,
660 1002 794 1051 nihil
829 1004 982 1072 possit
1015 1001 1303 1052 offensionis
1335 999 1562 1067 accipere

116 1081 226 1132 sine
269 1084 584 1134 acerbissimo
629 1086 789 1134 animi
834 1103 980 1139 sensu
1023 1104 1080 1135 ac
1113 1083 1339 1134 molestia
1371 1092 1423 1130 et
1453 1080 1562 1130 sine

115 1179 313 1215 summo
334 1165 577 1215 dedecore
597 1167 728 1216 vitae
751 1179 801 1217 et
818 1167 1172 1237 turpitudine?
1204 1169 1386 1234 Atque,
1402 1176 1463 1213 ut
1493 1163 1571 1213 in·
1610 1183 1652 1210 11

116 1246 372 1315 telligatis,
407 1250 705 1299 Cluentium
740 1269 845 1300 non
879 1249 1187 1300 accusatorio
1221 1249 1419 1303 animo,
1452 1265 1559 1297 non

114 1329 449 1379 ostentatione
481 1331 654 1399 aliqua
693 1345 783 1380 aut
816 1333 975 1399 gloria
1008 1331 1308 1390 adductum,
1342 1329 1428 1379 sed
1460 1346 1558 1378 ne-

67 1408 258 1462 15fariis
291 1411 517 1471 iniuriis,
551 1413 864 1481 quotidianis
897 1413 1114 1472 insidiis,
1148 1413 1405 1482 proposito
1439 1424 1559 1462 ante

115 1491 285 1541 oculos
315 1493 447 1543 vitae
479 1494 732 1562 periculo,
769 1513 954 1544 nomen
989 1495 1263 1563 Oppianici
1298 1494 1555 1570 dgtulisse,

111 1574 268 1642 paulo
301 1575 501 1642 longius
529 1575 795 1626 exordium
817 1577 888 1625 rei
919 1555 1553 1644 demonstrandaffpetam5

109 1654 264 1722 quod,
287 1674 495 1723 quaeso,
534 1655 735 1716 iudices,
765 1673 831 1724 ne
849 1658 1054 1706 moleste
1073 1657 1356 1725 patiamini.
1404 1659 1554 1708 Prin-

110 1737 258 1808 cipiis
288 1738 428 1788 enim
460 1737 692 1807 cognitis,
727 1724 891 1788 mino
925 1738 1125 1789 facilius
1159 1751 1379 1789 extrema
1404 1739 1554 1790 intel-

54 1819 283 1888 aoligetis.
431 1823 556 1953 ᾖ

239 1906 296 1953 Α.
315 1904 440 1953 Clue
470 1892 475 1896 ⁵
559 1921 580 1953 s
599 1902 818 1953 Habitus
839 1903 940 1953 fuit
973 1916 1118 1972 pater
1148 1903 1384 1964 huiusce,
1419 1904 1557 1955 iudi..
1590 1906 1619 1954 5

108 2002 210 2046 ces,
243 1985 397 2037 homo
432 2006 538 2037 non
571 1988 732 2037 solum
757 1986 1029 2056 municipii
1051 1988 1328 2046 Larinatis,
1362 2005 1422 2036 ex
1448 2008 1552 2057 quo

107 2080 237 2129 erat,
269 2068 355 2118 sed
387 2068 541 2118 etiam
570 2069 786 2137 regionis
802 2057 957 2118 'illius
977 2082 1028 2119 et
1051 2068 1323 2120 vicinitatis
1343 2071 1546 2127 virtute,

191 2176 254 2230 4.
270 2177 346 2218 nisi
403 2191 442 2231 7.
475 2185 515 2217 et
536 2178 630 2217 vivo
683 2191 726 2232 9.
753 2177 847 2216 huic
872 2184 1006 2217 autem
1069 2191 1127 2220 10.
1143 2177 1290 2217 dicitur
1361 2179 1547 2220 accedere

218 2247 282 2273 11.
315 2247 361 2272 ac
390 2231 530 2273 dolore
621 2247 679 2274 12.
702 2247 748 2272 ac
776 2241 883 2287 turp.
978 2247 1039 2288 ¹7·
1060 2241 1236 2287 repetam
1318 2248 1385 2274 21.
1402 2234 1547 2275 Avitus

200 2346 228 2370 1.
255 2335 462 2371 satisfacere
488 2347 555 2374 om.
582 2335 652 2368 AB
792 2337 823 2380 4.
861 2336 899 2368 ni
924 2337 993 2370 AB
1039 2335 1109 2369 nisi
1135 2337 1206 2370 Ro
1345 2348 1376 2382 7.
1420 2342 1457 2371 et
1478 2348 1545 2383 pro

102 2382 184 2416 viw
214 2379 725 2430 ABdefghnoprstuffc
799 2386 837 2416 et
863 2383 944 2416 vivo
976 2382 1238 2430 Βαεκλμνξ
1271 2383 1370 2429 vulg.
1510 2397 1569 2430 9.,

103 2427 280 2463 adtulerit
299 2441 324 2462 n
360 2431 495 2464 doloris
535 2429 697 2462 dolorem
724 2429 818 2462 coni.
845 2428 943 2476 apud
964 2430 1083 2463 Lamb.
1201 2442 1225 2476 9
1251 2435 1289 2464 et
1312 2439 1362 2464 ιο.
1386 2429 1544 2465 hic-di-

105 2476 216 2510 cimus
232 2478 422 2520 -accipere
448 2479 479 2510 A
563 2476 675 2509 huic·
690 2475 848 2518 dicitur-
868 2477 1038 2509 accedere
1062 2478 1092 2512 R
1107 2478 1137 2511 O
1183 2477 1350 2511 accidere
1375 2478 1393 2516 ξ
1491 2491 1541 2512 ιι.

102 2522 268 2557 molestia
291 2525 387 2558 ABb
411 2527 549 2566 (corr.)
602 2522 727 2557 dolore
754 2521 823 2567 ῌΟ
921 2536 970 2558 12.
999 2529 1035 2557 et
1053 2525 1127 2558 AB
1172 2536 1212 2557 ac
1234 2525 1304 2558 Ro
1401 2526 1450 2569 ¹4·
1476 2525 1546 2559 ad-

106 2568 255 2604 ductum
285 2582 350 2604 om.
375 2572 406 2605 B
504 2583 555 2616 ¹7·
580 2572 632 2604 rei
658 2570 849 2603 demonstr.
878 2571 998 2605 exord.
1024 2583 1049 2604 n
1097 2571 1283 2604 exordium
1330 2582 1415 2604 ansa
1444 2573 1494 2604 rei
1521 2583 1545 2604 α

102 2617 186 2659 βεη
273 2623 393 2664 petam
433 2621 572 2662 Παβγ
583 2617 627 2650 δε
643 2618 692 2659 ζη
799 2625 958 2662 repetam
998 2618 1209 2664 θικλμνξ
1254 2629 1305 2651 vu
1322 2628 1354 2663 g.
1400 2620 1545 2661 Quinct.

103 2662 164 2696 IV.
194 2675 224 2699 ι.
293 2676 348 2699 21.
376 2665 530 2700 Habitus
555 2667 600 2697 ΙΙ
644 2663 789 2709 (Abitus
813 2664 943 2711 beia)
966 2663 1260 2712 βγδεζηθικλ
1305 2677 1328 2699 ν
1379 2666 1499 2698 Avitus
1525 2668 1545 2705 ξ

103 2717 137 2742 ει
162 2720 258 2757 seqq.
285 2713 355 2752 (sic
367 2711 455 2758 five
481 2711 630 2759 ubique)
692 2711 833 2744 iudices
856 2723 919 2746 om.
940 2714 971 2746 B
1076 2715 1136 2751 23.
1158 2712 1264 2748 etiam
1309 2717 1348 2747 et
1372 2712 1544 2759 acdefg

104 2766 249 2797 υναες
295 2757 507 2806 vicinitatis]
534 2759 573 2794 in
603 2758 755 2793 civitatis
783 2769 807 2792 α
