1846 3178
551 153 662 194 PRo
692 151 746 191 A.
776 149 1084 192 eLUENTm.
1490 168 1580 218 109

133 279 451 345 oon-senserit,
478 295 682 327 causam
715 294 815 327 esse
850 273 1157 324 dicendam?
1189 272 1234 322 O
1260 271 1391 321 viros
1421 273 1582 332 fortis,·
1612 277 1676 325 56

131 363 327 438 equites
359 363 623 420 Romanos,
640 359 733 427 qui
768 358 967 408 homini
1002 355 1275 405 clarissimo
1309 372 1366 402 ac
1399 367 1578 423 poten-

132 444 347 504 ὼίιίιιιο,
397 446 465 494 Μ.
511 444 709 500 Druso,
753 443 988 491 Tribuno
1035 440 1220 510 plebis,
1265 437 1573 495 restiterunt,

129 545 296 598 quum
353 526 441 577 ille
496 526 630 575 nihil
671 525 816 575 aliud
860 536 1031 592 ageret
1074 541 1192 572 cum
1240 521 1330 570 illa
1375 532 1574 575 cuncta,

101 621 263 678 siquae
313 621 425 659 tum
476 621 610 666 erat,
662 606 954 666 nobilitate,
1000 604 1097 653 nisi
1149 604 1262 661 uti,
1319 603 1412 671 qui
1467 619 1576 651 rem

127 690 458 747 iudicassent,
505 686 860 738 huiuscemodi
908 685 1292 753 quaestionibus
1340 685 1395 733 in
1442 683 1576 733 iudi-

125 774 269 824 cium
313 785 634 823 vocarentur.
711 773 860 818 Tunc
918 770 969 817 C.
1005 767 1207 817 Flavius
1255 767 1427 826 Pusio,
1484 768 1575 816 Cn.

125 855 414 915 Titinnius,
462 856 513 904 C.
559 856 845 911 Maecenas,
892 851 980 900 illa
1027 851 1210 898 robora
1254 850 1436 918 populi
1480 851 1576 899 Ro-

129 937 302 998 mani,
353 935 653 1005 ceterique*
680 931 1074 990 [huiuscemodi]
1109 931 1328 992 ordinis,
1366 951 1473 982 non
1506 933 1576 981 fe-

10 1048 14 1053 ’
82 1033 312 1073 mearunt
358 1020 518 1079 idem,
570 1018 711 1088 quod
758 1036 901 1067 nunc
945 1016 1237 1074 Cluentius,
1282 1027 1343 1064 ut
1375 1015 1576 1084 aliquid

126 1104 312 1174 culpae
343 1104 596 1172 suscipere
622 1119 671 1150 se
697 1113 939 1170 putarent
972 1097 1276 1147 recusando:
1311 1096 1396 1146 sed
1431 1117 1577 1168 aper-

126 1185 313 1236 tissime
356 1195 749 1252 repugnarunt,
796 1201 962 1250 quum
1013 1181 1135 1228 haec
1183 1195 1475 1230 recusarent
1525 1194 1576 1231 et

122 1267 296 1338 palam
339 1266 610 1315 fortissime
657 1278 811 1332 atque
858 1262 1200 1312 honestissime
1234 1262 1489 1322 dicerent,
1526 1282 1577 1313 se

124 1349 347 1420 potuisse
390 1347 584 1397 iudicio
628 1348 809 1416 populi
856 1348 1069 1396 Romani
1118 1347 1168 1394 in
1207 1347 1577 1416 amplissimum

80 1433 304 1483 15locum
338 1431 617 1501 pervenire,
653 1431 691 1478 si
728 1449 816 1479 sua
851 1429 1017 1483 studia
1054 1429 1117 1477 ad
1154 1429 1369 1478 honores
1403 1442 1587 1498 petem-

129 1513 220 1565 dos
261 1513 495 1563 conferre
539 1512 840 1573 voluissent3
887 1530 985 1560 sese
1020 1511 1220 1570 vidisse,
1268 1512 1323 1560 in
1371 1529 1428 1560 ea
1474 1513 1576 1562 vita

128 1596 298 1666 qualis
330 1595 573 1666 splendor
606 1597 808 1655 inesset,
854 1608 1047 1662 quanta
1085 1609 1406 1655 ornamenta,
1445 1613 1587 1662 quae¹

128 1677 377 1747 dignitas:
421 1696 554 1746 quae
599 1696 650 1727 se
703 1697 807 1727 non
856 1679 1232 1747 contempsisse,
1276 1677 1361 1727 sed
1395 1678 1580 1727 ordine

128 1779 220 1811 suo
257 1775 567 1832 patrumque
600 1780 810 1811 suorum
846 1773 1110 1810 contentos
1131 1761 1305 1810 fuisse:
1342 1772 1392 1810 et
1423 1761 1581 1810 vitam

77 1842 279 1898 anillam
315 1843 648 1911 tranquillam
682 1855 733 1892 et
766 1843 1007 1910 quietam,
1026 1855 1272 1891 remotam
1296 1861 1324 1891 a
1347 1844 1582 1912 procellis

128 1919 454 1976 invidiarum'
478 1937 529 1974 et
561 1923 911 1974 huiuscemodi
947 1922 1260 1972 iudiciorum
1305 1923 1580 1980 [anfractu]

125 2006 272 2075 sequi
319 2007 565 2056 maluisse.
643 2011 747 2056 Aut
796 2006 892 2054 sibi
949 2005 1014 2054 ad
1071 2005 1288 2054 honores
1334 2007 1579 2075 petendos
1606 2037 1650 2077 15

127 2101 346 2140 aetatem
377 2089 627 2157 integram
663 2089 860 2138 restitui
897 2101 1159 2156 oportere:
1195 2101 1306 2148 aut,
1329 2091 1578 2157 quoniam

129 2170 185 2221 id
244 2190 351 2222 non
408 2183 595 2241 posset,
654 2188 765 2220 eam
816 2169 1166 2221 conditionem
1215 2171 1378 2231 vitae,
1420 2191 1578 2239 quam

241 2278 279 2324 5.
307 2280 378 2334 qui
407 2293 471 2319 res

221 2389 255 2434 4.
281 2388 376 2437 cum]
417 2401 524 2436 quam
564 2400 642 2422 cum
675 2391 722 2423 H
754 2395 919 2435 (praeter
942 2390 973 2432 l)
1006 2389 1154 2434 βγὸεζ
1235 2402 1343 2437 quam
1384 2397 1424 2425 ut
1449 2395 1578 2438 ηθιμ

129 2435 302 2482 (vulgata
314 2437 390 2470 scr-i
414 2445 498 2471 lura
517 2438 672 2483 primum
689 2438 729 2469 in
754 2436 799 2469 ed
821 2438 978 2482 Hervag.
1004 2446 1157 2484 apparet
1189 2445 1222 2470 et
1245 2450 1312 2484 per·
1336 2450 1435 2486 seqq.
1460 2441 1577 2474 omnis

128 2492 277 2531 praeter
299 2450 416 2531 Stepllzl.
452 2485 612 2531 priorem
637 2483 824 2524 manebat)
965 2488 995 2520 5.
1013 2490 1116 2518 erant
1140 2484 1344 2518 nobilitatis
1372 2488 1416 2518 [Ι
1449 2493 1578 2533 (pr-ae-

130 2531 242 2572 ter-1)
265 2533 321 2576 βγ
338 2532 557 2578 ὸέζηθιμ
635 2533 687 2564 uti
715 2529 793 2576 qui]
824 2530 950 2575 utique
975 2534 1020 2565 H
1043 2536 1115 2578 (pr.
1141 2533 1174 2575 l)
1197 2532 1340 2565 eaedem
1366 2532 1444 2566 edd.
1495 2534 1575 2582 qui]

135 2578 356 2624 quicumque
383 2579 402 2611 λ
518 2590 592 2612 rem
618 2581 662 2611 II
680 2577 793 2622 (3765
811 2578 1056 2624 ζηθικλμν
1113 2590 1168 2612 res
1198 2581 1216 2617 ξ
1242 2587 1275 2612 ec
1298 2590 1397 2627 seqq.
1542 2585 1575 2619 8,

132 2623 304 2659 Titianus
333 2626 358 2660 Β
381 2626 542 2660 Titinius
567 2625 763 2667 ὁσηλνξτ
812 2626 1009 2659 Τἰῑὶιηηίιιε
1034 2626 1086 2660 ik
1127 2626 1350 2659 Tunliunins
1375 2640 1408 2660 m
1539 2642 1575 2670 0,

132 2671 334 2717 ceterisque
371 2672 415 2708 kl
488 2672 709 2716 ejuscemodi
750 2675 779 2705 A
794 2674 820 2706 Β
966 2676 1015 2709 13.
1055 2671 1233 2719 dicerent]
1269 2673 1439 2708 dixerunt
1477 2666 1575 2710 corii.

130 2717 281 2764 Sylvius
478 2732 532 2756 αι.
560 2718 724 2753 anfractu
751 2731 815 2753 om.
841 2720 947 2763 Πβξ
1148 2722 1202 2754 23.
1228 2723 1403 2767 integram
1430 2734 1495 2755 om.
1522 2724 1552 2756 B
