1846 3178
650 224 652 227 v
720 156 961 198 cm‘rmA.
1468 163 1563 225 ¹71'

111 272 276 342 quoque
319 283 629 333 sententiarum,
670 281 787 324 sicuti
833 286 972 335 aptum
1023 286 1083 320 est
1128 279 1351 319 narrationi
1393 279 1563 320 strictim

111 351 312 411 expositae
334 385 347 408 ,
410 353 555 396 melius
608 353 821 396 cohaereat
851 369 864 393 ε
932 351 1133 405 addebat,
1173 372 1227 382 -—
1267 358 1311 389 ut
1350 370 1403 381 —
1449 350 1563 392 vide-

109 418 232 470 tum.
268 431 270 434 ’

219 509 286 537 21.
322 495 581 553 accusationi]
611 495 676 537 Sic
698 498 826 537 nostri
838 503 878 536 et
890 497 1139 536 Oxonienses
1157 493 1210 534 ad
1240 506 1368 533 unum
1395 506 1561 534 omnes:

106 577 239 621 neque
267 566 320 607 de
361 569 530 609 veritate
555 570 776 624 scripturae
805 568 1038 609 dubitamus
1053 597 1064 619 ,
1108 566 1220 621 quod
1250 564 1472 605 Lambinus
1504 565 1564 603 fe-

97 640 164 679 ·cit
179 646 220 679 et
233 640 494 682 Gai-atomus.
521 640 622 680 Nam
638 639 809 681 verbum
824 640 1130 697 praevaricari,
1143 638 1328 692 quamvis
1341 649 1566 690 numquam

105 710 207 752 alias
236 713 280 752 in
291 712 501 765 Cicerone,
513 720 560 754 ut
574 713 746 764 videtur,
767 727 862 753 cum
880 712 1017 752 dativo
1031 710 1291 751 coniunctum
1317 708 1563 758 inveniatur,

106 789 245 829 tamen
281 791 429 824 natura
475 799 547 825 sua
592 784 688 825 huic
735 791 962 824 structurae
1009 782 1176 821 minime
1225 786 1446 834 repugnat,
1493 777 1566 820 sed

105 862 251 909 sponte
291 858 430 910 potius
468 856 624 911 ubique
668 856 851 901 dativum
892 855 978 894 eius
1013 854 1074 894 rei
1113 859 1183 892 aut
1209 865 1420 906 personae,
1450 852 1565 891 cuius

105 940 229 968 causa
257 926 402 983 aliquis
438 929 754 982 praevaricatur,
784 926 1133 980 subintelligimus.

213 997 265 1052 4¹
289 1028 302 1051 ,
337 1013 399 1044 ια.
430 999 490 1038 ica
514 998 615 1054 tum]
673 998 887 1039 Accedunt
914 998 957 1040 h.
989 996 1018 1037 l.
1045 996 1188 1051 optimi
1228 995 1357 1035 nostri
1396 994 1450 1038 ad
1486 1008 1563 1034 au-

101 1071 330 1113 ctoritatem
367 1070 457 1114 cod.
496 1070 538 1117 S.
566 1071 742 1110 Victoris
781 1077 821 1110 et
858 1070 1000 1124 optimi
1028 1069 1127 1124 regii
1156 1067 1267 1122 apud
1308 1067 1560 1108 Lallemand.

31 1144 34 1147 ’
102 1142 175 1189 Λᾶ
216 1156 379 1186 sensum
421 1149 561 1183 autem
595 1143 819 1182 necessario
858 1144 915 1181 ita
956 1140 1218 1182 scribendum
1249 1147 1336 1180 erat
1361 1153 1438 1194 pro
1467 1140 1563 1181 vul-

95 1221 197 1269 ‘gato
221 1216 316 1270 ⁵iam
337 1228 349 1250 ··
378 1215 464 1255 iam
484 1215 592 1254 enim
619 1215 675 1266 id,
701 1215 812 1269 quod
842 1215 988 1254 dehinc
1017 1214 1168 1254 factum
1194 1219 1312 1265 esset,
1342 1212 1564 1264 indicaret3

102 1280 174 1333 ‚sed
200 1286 396 1327 &ediciam
423 1301 555 1335 suam,
587 1300 669 1340 quo
699 1287 878 1340 primum
905 1286 1198 1325 condemnatus
1225 1292 1310 1337 est,
1338 1286 1420 1324 iam
1447 1299 1566 1340 prae-

91 1358 243 1402 ·cessit:
277 1365 368 1398 tum
396 1359 520 1407 euim,
551 1372 681 1412 quum
710 1373 757 1398 ex
785 1357 936 1403 iudicio
965 1357 1162 1410 discessit,
1201 1358 1297 1397 satis
1324 1357 1375 1397 de
1401 1371 1444 1397 se
1478 1359 1565 1412 ipse

103 1431 315 1479 iudicavit.

140 1522 144 1525 ·
213 1502 278 1545 15.
307 1504 360 1544 de
406 1505 632 1561 Oppianici
661 1518 836 1561 persona
869 1501 1084 1559 causaque]
1160 1503 1284 1556 Quod
1313 1518 1360 1544 ex
1391 1517 1564 1544 consen-

99 1590 150 1626 pu
180 1578 612 1632 praestantissimorum
638 1578 755 1619 codd.
793 1577 1043 1619 addidimus:
1066 1561 1242 1632 persora&
1269 1601 1321 1608 -
1350 1592 1436 1632 que,
1477 1590 1563 1616 non

97 1656 160 1691 est
198 1651 410 1692 otiosum:
456 1665 576 1690 causa
616 1652 726 1690 enim
765 1649 871 1691 nihil
924 1649 1036 1689 aliud
1089 1656 1244 1704 spectat
1288 1664 1412 1704 quam
1468 1655 1562 1689 ten·
1617 1665 1623 1669 ·

94 1729 231 1768 tatum
281 1721 334 1765 ab
372 1722 612 1776 ·Oppianico
658 1722 702 1768 in
758 1721 995 1766 Cluentium
1053 1721 1330 1762 veneficium:
1385 1734 1560 1777 persona

98 1810 148 1836 ea
176 1797 314 1836 omnia
340 1794 636 1851 complectitur,
666 1809 772 1851 quae
798 1795 850 1835 de
875 1796 960 1836 vita
989 1793 1208 1849 Oppianici
1232 1801 1415 1834 anteacta
1440 1809 1561 1850 prae-

96 1868 220 1909 missa
251 1872 384 1916 erm

205 1955 275 1981 21.
300 1949 340 1981 et
364 1942 436 1991 iis,
465 1939 586 1998 quae]
639 1941 836 1995 Copulam
862 1950 903 1981 et
928 1940 1078 1980 iniuria
1104 1939 1350 1980 Garatonius
1387 1939 1560 1980 damna-

93 2015 181 2066 vit,
226 2015 413 2068 quamvis
455 2027 481 2053 a
518 2012 656 2053 multis
703 2011 818 2053 libris
851 2012 1054 2053 inferioris
1099 2019 1221 2052 notae
1265 2011 1371 2052 absit
1386 2027 1399 2053 :
1446 2012 1560 2066 prius

94 2087 204 2127 enim
228 2094 269 2125 ec
304 2085 420 2126 alteri
448 2086 505 2125 sic
533 2085 748 2140 respondet
765 2115 777 2138 ,
818 2092 864 2124 ut
901 2085 1006 2124 duae
1047 2085 1378 2138 gravissimorum
1418 2085 1560 2125 crimi-

93 2172 196 2198 num
225 2165 357 2213 partes
387 2158 686 2208 discernantur,
717 2165 758 2198 et
785 2172 848 2208 ea,
880 2157 930 2198 de
955 2157 1102 2212 quibus
1130 2156 1285 2197 dictum
1318 2165 1394 2209 est,
1423 2164 1465 2197 et
1491 2172 1554 2208 ea,

90 2245 199 2285 quae
229 2232 463 2272 reticentur.
494 2253 549 2263 —
603 2233 701 2271 Mox
727 2245 887 2286 pannus
913 2231 1003 2282 iste,
1033 2230 1104 2284 qui
1133 2229 1185 2270 ad
1215 2243 1358 2270 vocem
1385 2230 1560 2270 breviter

92 2302 138 2347 in
165 2302 274 2343 bono
301 2303 417 2345 codd.
445 2317 618 2343 numero
644 2310 801 2342 assutus
830 2309 917 2342 est:
948 2302 1043 2340 bene
1074 2301 1336 2354 ,‚bt·eviter“,
1366 2311 1409 2342 ut
1435 2316 1558 2358 quum

91 2376 228 2416 omnia
258 2389 390 2430 paene
416 2375 595 2427 dixerat,
637 2375 761 2414 multa
806 2373 935 2413 adhuc
980 2373 1060 2412 sibi·
1098 2387 1319 2413 reservasse
1353 2374 1554 2423 videatur,

92 2447 188 2494 satis
226 2454 434 2487 auctorem
485 2461 604 2487 suum
642 2447 807 2500 arguit:
847 2444 988 2501 optimi
1036 2445 1165 2485 nostri
1211 2445 1314 2485 nihil
1357 2447 1555 2487 eiusmodi

92 2518 276 2579 sordium
321 2526 554 2563 traxerunt:
597 2533 730 2573 neque
754 2517 848 2558 satis
878 2524 996 2558 caute
1019 2518 1102 2571 egit
1131 2517 1336 2570 Orellius,
1366 2520 1437 2572 qui
1469 2526 1555 2559 tam

87 2586 263 2631 ⁴inertem
306 2591 519 2647 magistelli
565 2591 777 2634 cuiusdam
827 2589 1153 2631 observationem
1173 2621 1184 2641 ‚
1236 2604 1331 2630 cum
1371 2590 1553 2632 clausula

94 2661 165 2710 illa
208 2667 524 2718 comparandam
564 2671 714 2714 censet,
760 2677 884 2719 quam
927 2677 1049 2719 supra
1076 2667 1114 2713 §.
1145 2661 1211 2718 57.
1245 2662 1430 2704 Ciceroni
1459 2663 1552 2704 vin-

92 2734 328 2779 dicavimus.

1055 2858 1081 2872 »-
