1846 3178
709 148 952 208 cm‘rmA.
1439 187 1530 233 207

89 291 320 348 legebam:
351 303 446 332 nam
478 301 559 330 una
587 296 647 330 est
673 290 716 330 in
737 288 909 342 serrula,
948 288 1023 329 nisi
1049 286 1198 328 insoliti
1224 288 1320 343 quid
1347 289 1530 344 accedat,

85 364 261 405 dentium
285 369 410 419 par-'52
446 361 545 417 quid
573 368 675 402 esset
698 361 848 415 igitur:
884 374 940 401 ex
972 360 1083 400 omni
1096 369 1217 415 parte
1241 360 1451 401 dentium?
1476 386 1531 394 -

85 434 176 475 lam
205 440 339 476 amem
365 433 465 474 haec
493 433 646 474 serrula
671 447 755 473 non
783 431 916 472 solum
941 446 987 472 ex
1015 431 1202 472 inferiore
1227 439 1340 486 parte
1368 433 1530 474 dentata

83 510 187 555 essf,
201 504 272 546 sed
298 506 416 547 etiam
442 519 488 546 ex
513 505 717 559 superiore
743 511 783 544 et
804 503 856 543 ab
879 510 1053 558 utroque
1074 502 1224 544 latere:
1259 517 1410 545 serram
1431 503 1530 545 den-

82 584 208 618 catam
233 575 356 617 hahet
376 576 535 617 Plinius
564 576 620 617 H.
648 576 703 617 N.
729 575 937 626 XXXVI,
972 589 1040 616 22.

196 669 298 724 128,
340 669 404 712 15.
446 668 642 726 adficisse]
692 671 800 710 Mira
838 677 897 710 est
931 669 976 710 h.
1003 670 1033 710 l.
1062 671 1105 710 in
1138 677 1245 711 certa
1283 669 1454 712 lectione
1488 680 1530 714 et

80 740 200 783 MSS.
226 755 422 783 consensu
452 742 655 783 editorum
686 741 977 796 discrepantia:
1021 741 1241 782 Lambinus
1272 743 1355 798 ipse
1385 750 1425 783 et
1446 744 1529 784 Er-

79 813 235 854 nestius
267 827 292 854 a
329 827 426 855 vero
460 813 675 854 aberrant:
729 826 825 854 nam
863 812 980 853 nobis
1018 812 1181 867 quidem
1211 822 1321 854 extra
1367 829 1528 856 omnem

77 881 370 925 dubitationem
413 885 588 940 positum
624 898 709 926 esse
750 885 936 938 videtur,
988 885 1179 926 colonum
1220 885 1334 927 illum
1370 889 1420 941 (c.
1442 887 1527 940 62.)

77 955 164 996 sive
195 954 331 997 Attius
362 957 415 998 sit
438 957 524 998 sive
555 955 725 1009 Albius,
775 957 873 998 huic
908 958 1132 1011 quaestioni
1167 957 1418 999 interfuisse:
1454 959 1527 1000 sed

77 1025 232 1068 bonum
256 1028 390 1069 virum
415 1042 507 1068 eum
534 1028 736 1083 appellare
766 1035 876 1069 vetat
903 1035 1056 1067 orator.
1109 1027 1223 1067 Idem
1251 1028 1452 1070 indicatur
1487 1045 1526 1071 c.

76 1097 151 1141 66.
176 1096 236 1139 in.
252 1112 265 1139 ε
290 1097 487 1140 neminem
507 1099 711 1154 reperietis
737 1098 815 1138 nisi
832 1098 953 1151 jbrte
980 1098 1172 1138 eiusmodi
1185 1099 1396 1153 hominem,
1408 1116 1525 1158 quem

75 1185 150 1226 ego
162 1172 347 1228 pmfi’rn‘
362 1171 510 1212 malim
524 1201 536 1221 ,
571 1185 691 1228 quam
719 1172 915 1211 neminem
941 1171 1161 1211 nominari.

192 1278 255 1322 ¹7.
287 1274 432 1306 conata
465 1263 526 1322 es]
567 1264 691 1319 vulgo
718 1273 861 1306 conata
897 1274 975 1306 est:
1022 1265 1096 1306 cfr.
1132 1263 1184 1305 de
1216 1264 1294 1306 hac
1331 1267 1524 1310 orationis

75 1337 338 1378 conversione
360 1336 412 1377 ad
437 1351 480 1391 p.
516 1349 581 1388 12,
618 1335 658 1389 4.

190 1428 255 1471 18.
293 1430 447 1472 eanoetsi
476 1430 529 1472 ab
567 1431 639 1472 hoc
677 1445 757 1472 non
791 1445 871 1471 esse
911 1429 1061 1473 dictum
1097 1430 1343 1488 mementote]
1401 1433 1522 1476 Hunc

71 1500 209 1542 locum
242 1501 296 1542 ab
335 1501 556 1543 editoribus
588 1504 731 1544 misere
772 1502 959 1543 habitum
996 1503 1180 1544 codicum
1217 1518 1295 1559 ope
1323 1520 1520 1561 perquam

72 1574 302 1615 sanavimus
320 1588 333 1614 ε
384 1574 705 1629 corruptelarum
742 1575 923 1615 omnium
953 1574 1041 1615 fons
1079 1576 1121 1614 in
1164 1590 1213 1616 eo
1247 1579 1402 1631 positus
1444 1586 1519 1630 est,

71 1643 183 1700 quod
209 1659 290 1686 esse
317 1645 360 1686 in
387 1645 526 1686 multis
563 1647 680 1691 MSS.
712 1646 765 1686 ab
795 1647 1006 1687 incuriosis
1036 1646 1211 1688 librariis
1235 1649 1278 1688 in
1308 1660 1404 1690 esset
1425 1665 1518 1691 mu-

70 1724 202 1758 tatum
238 1725 349 1759 erat:
397 1733 479 1774 quo
515 1718 645 1769 facto,
702 1729 955 1769 mementote,
1003 1721 1114 1776 quod
1152 1722 1196 1761 in
1228 1721 1342 1761 nullo
1379 1722 1519 1763 codice

70 1790 294 1841 omittitur,
343 1790 463 1833 valde
495 1792 822 1844 incommodum,
855 1795 980 1834 immo
1001 1807 1122 1834 sensu
1150 1793 1386 1835 destitutum
1404 1802 1515 1836 erat:

69 1875 196 1918 quare
215 1861 257 1903 in
275 1862 338 1904 ed.
369 1863 534 1903 Iuntina
563 1862 741 1917 primum
767 1864 975 1913 omissum,
1009 1863 1051 1904 in
1091 1863 1351 1918 sequentibus
1386 1866 1518 1905 omni—

70 1933 148 1974 bus
175 1932 381 1989 expulsum
413 1940 495 1975 est:
534 1947 782 1989 quamquam
807 1948 928 1988 quem
953 1948 1112 1975 sensum
1141 1949 1188 1975 ex
1209 1933 1299 1975 loco
1328 1935 1516 1977 mutilato

71 2005 366 2048 exculcaverint
389 2008 646 2060 interpretes,
674 2020 756 2046 non
784 2005 927 2046 video:
955 2021 1051 2046 nam
1073 2009 1122 2058 is,
1158 2009 1228 2062 qui
1243 2006 1363 2047 unice
1379 2007 1517 2048 verbis

73 2079 255 2119 »tametsi
271 2077 399 2118 adhuc
429 2091 509 2118 non
536 2086 632 2118 esset
664 2077 841 2118 dictum«
869 2081 997 2119 inesse
1035 2086 1189 2134 potest:
1230 2080 1323 2119 »hoc
1356 2079 1516 2135 quidem

70 2150 154 2191 iam
186 2150 238 2191 ab
270 2149 394 2191 Accio
422 2151 510 2189 sive
547 2164 575 2189 a
611 2148 750 2190 Sassia
782 2165 862 2190 esse
895 2151 1100 2206 prolatum
1114 2169 1130 2188 «
1142 2181 1156 2202 ,
1200 2151 1360 2206 ineptus
1390 2152 1510 2192 foret.

68 2222 154 2262 Cur
189 2221 297 2263 enim
322 2222 356 2262 si
387 2220 490 2262 nihil
525 2222 622 2262 novi
655 2219 731 2261 affe
740 2228 792 2272 rt,
835 2221 980 2262 diserte
1014 2223 1227 2263 inventum
1265 2237 1384 2263 suum
1424 2223 1516 2264 lau..

68 2291 169 2333 dat?
208 2293 287 2333 Sed
312 2291 410 2348 quid
436 2293 480 2333 in
511 2292 620 2334 falsis
657 2295 893 2333 commentis
922 2292 1144 2334 refutandis
1171 2308 1402 2346 moramur,
1442 2295 1516 2336 ubi

68 2378 212 2405 verum
249 2364 472 2405 remedium
505 2363 558 2404 ab
592 2364 687 2419 ipsis
717 2363 837 2404 codd.
871 2364 1183 2418 suppeditatur?
1220 2365 1365 2406 Cicero
1406 2368 1516 2407 enim

70 2450 196 2492 quum
220 2437 289 2491 id,
335 2436 447 2492 quod
472 2435 603 2477 solum
627 2436 680 2476 ab
711 2435 1009 2477 accusatoribus
1036 2436 1251 2478 excusandi
1277 2437 1405 2493 gratia
1433 2437 1516 2479 dici

68 2511 219 2564 potuit,
259 2510 343 2565 ipse
370 2509 546 2565 proferat
563 2539 576 2561 ‚
614 2508 766 2549 iudices
801 2508 1014 2559 admonet,
1054 2510 1097 2550 id
1127 2510 1259 2564 ipsum
1289 2515 1427 2548 tamen
1461 2508 1515 2549 ab

69 2579 197 2622 Accio
220 2595 302 2622 non
329 2596 414 2623 esse
443 2581 626 2622 dictum:
676 2581 831 2620 tametsi
860 2580 911 2620 ab
936 2581 1009 2622 hoc
1034 2595 1113 2622 non
1140 2595 1219 2621 esse
1244 2580 1390 2621 dictum
1426 2594 1514 2621 me-

70 2660 257 2694 mentam·
298 2653 491 2693 Laetatur
522 2653 659 2707 igitur,
689 2652 741 2691 ab
770 2651 962 2706 improbis
990 2652 1116 2693 solam
1147 2652 1359 2694 excusandi
1387 2654 1513 2693 ratio-

68 2737 189 2777 nem,
223 2739 304 2780 qua
330 2725 583 2767 innocentem
607 2724 834 2779 opprimere
856 2725 1078 2779 potuissent
1092 2754 1105 2779 ‚
1135 2739 1218 2768 non
1253 2738 1336 2766 esse
1367 2725 1512 2767 inven-
