1846 3178
607 165 719 205 PRo
753 164 808 205 A.
839 163 1144 206 CLUENTm.
1528 162 1592 239 95

161 287 406 372 Qsde
452 288 657 340 iudiciis
702 293 999 359 rogaretur?
1042 291 1198 342 aliam
1242 311 1348 343 non
1393 293 1597 354 diceret,

156 384 322 439 afflue*
355 371 394 425 ii
444 370 712 428 dixerunt,
747 391 971 441 quorum
1005 376 1267 426 sententiis
1299 378 1600 445 Cluentium

154 452 550 518 condemnatum
594 472 692 505 esse
740 456 918 508 dicitis.
1002 458 1098 509 Sed
1141 477 1333 527 quaero
1381 479 1410 510 a
1443 462 1596 522 vobis,
1625 478 1695 531 ¹37

152 552 286 602 m
315 535 464 586 istam
509 538 669 607 legem
719 558 779 589 ex
825 542 917 591 isto
965 545 1399 593 senatusconsulto
1431 546 1483 593 L.
1514 547 1596 595 Lu

124 617 320 668 5eullus
353 620 555 680 Consul,
604 621 755 672 homo
789 624 1197 693 sapientissimus,
1234 626 1436 676 tulerit:
1473 646 1604 680 num

153 717 292 754 anno
339 714 453 771 post
501 705 571 753 M.
618 706 864 755 Lucullus
910 719 961 755 et
1006 707 1056 754 C.
1110 707 1323 767 Cassius,
1371 709 1428 758 in
1461 728 1603 778 quos,

159 796 273 838 tum
307 786 549 837 Consules
583 786 890 856 designatos,
926 788 1061 838 idem
1097 788 1230 838 illud
1262 792 1475 841 Senatus
1521 793 1605 843 d'e-

153 869 412 917 creverat?
441 887 549 919 non
579 872 838 922 tuleruntt
873 884 922 921 et
947 871 1084 940 quod
1107 884 1164 921 tu
1181 872 1358 922 Habiti
1384 877 1604 942 pecunia

149 949 349 1004 factum
410 968 509 1000 esse
561 953 753 1020 arguis,
816 971 983 1022 neque
1041 953 1096 1002 id
1150 955 1258 1003 ulla
1309 957 1602 1007 tenuissima

99 1034 439 1104 nosuspicione
471 1036 754 1095 confirmas,
790 1036 983 1085 factum
1018 1049 1090 1086 est
1123 1036 1352 1106 primum
1387 1039 1600 1090 illorum

147 1117 406 1186 aequitate
451 1130 503 1168 et
551 1111 802 1187 sapientia
850 1120 1158 1179 Consulum,
1214 1133 1275 1170 ut
1329 1120 1410 1181 id,
1457 1123 1599 1191 quod

146 1213 349 1255 senatus
421 1200 744 1262 decreverat,
801 1201 866 1251 ad
918 1201 1053 1251 illud
1099 1202 1322 1252 invidiae
1365 1224 1600 1273 praesens

147 1281 450 1346 incendium
481 1285 930 1353 restinguendum,
977 1285 1030 1334 id
1063 1299 1233 1355 postea
1268 1287 1598 1341 referendum

145 1364 213 1416 ad
246 1367 502 1436 populum
537 1385 643 1416 non
676 1367 1071 1415 arbitrarentur.
1138 1370 1248 1435 Ipse
1282 1356 1469 1416 deinde
1504 1386 1594 1437 po-.

95 1450 300 1519 15pulus
345 1451 628 1506 Romanus,
661 1448 752 1515 qui
789 1450 840 1496 L.
884 1447 1120 1512 Quinctii
1167 1446 1390 1496 Tribuni
1431 1450 1595 1518 plebis

147 1531 278 1597 fictis
310 1531 646 1600 querimoniis
679 1543 825 1580 antea
864 1531 1173 1589 concitatus,
1223 1548 1332 1579 rem
1367 1532 1511 1581 illam
1542 1546 1594 1583 et

145 1614 462 1684 rogationem
495 1613 776 1681 flagitarat,
815 1613 951 1662 idem
996 1614 1048 1662 C.
1084 1613 1225 1662 Iunii
1279 1614 1396 1674 filii,
1446 1617 1595 1684 pueri

147 1697 380 1766 parvuli,
423 1696 645 1747 lacrimis
678 1709 986 1752 commotus,
1035 1695 1258 1745 maximo
1292 1697 1514 1746 clamore
1547 1710 1599 1748 et

143 1797 396 1830 concursu
430 1791 590 1829 totam
624 1779 973 1846 quaestionem
1008 1778 1151 1826 illam
1179 1792 1230 1828 et
1258 1779 1420 1846 legem
1444 1798 1596 1850 repu-

90 1859 317 1912 nodiavit.
384 1863 461 1911 Ex
507 1879 611 1930 quo
661 1860 879 1929 intelligi
936 1859 1110 1929 potuit
1155 1858 1233 1920 id,
1270 1860 1414 1928 quod
1447 1879 1595 1932 saepe
1620 1877 1694 1918 138

251 2058 289 2100 8.
319 2057 542 2098 decreverit
701 2071 739 2111 9.
770 2055 854 2095 ulla
883 2055 947 2095 vel
977 2051 1211 2096 'tenuissima
1368 2071 1429 2097 10.
1460 2059 1591 2112 primo

258 2128 321 2169 19.
354 2121 480 2153 totam
513 2111 622 2152 illam
651 2111 779 2166 legem
810 2119 850 2152 et
877 2114 1153 2166 quaestionem

239 2306 264 2328 ι.
292 2299 478 2340 rogaretur
511 2311 548 2319 -
602 2293 795 2327 sententiis
822 2305 886 2326 om.
914 2305 968 2340 ap
981 2305 1027 2328 rs
1039 2276 1121 2326 tria
1313 2305 1347 2338 7.
1387 2291 1478 2339 tum]
1509 2303 1593 2326 cum

142 2339 704 2388 cefgkprstuyd'gqn‘ssptv
798 2341 1007 2374 decreverat
1036 2340 1131 2379 ΑΒξ
1226 2340 1427 2373 decreverit
1451 2341 1588 2385 Bvulg.

139 2400 175 2434 9.
201 2389 276 2422 ulla
307 2390 522 2423 tenuissima
547 2391 593 2422 II
649 2387 710 2429 (cle
743 2399 815 2421 uno
852 2390 967 2426 Oxon,
1006 2389 1070 2435 qui
1098 2394 1266 2421 enotatas
1303 2400 1379 2421 non
1413 2395 1486 2426 est,
1513 2399 1590 2420 ma-

140 2446 212 2480 gno
237 2447 343 2483 opere
366 2435 511 2479 dubito)
538 2447 562 2468 α
586 2454 628 2462 —-
656 2436 674 2474 ξ
764 2436 839 2467 ulla
864 2436 921 2469 vel
947 2442 1018 2469 ten.
1041 2447 1059 2468 ο
1075 2445 1135 2481 πρ
1151 2443 1206 2467 στ
1353 2447 1404 2468 ιο.
1433 2435 1589 2478 primum

141 2482 211 2517 AB
226 2491 467 2532 apqrstuoe
483 2493 500 2515 ε
595 2482 713 2528 primo
740 2483 770 2516 R
794 2482 894 2528 vulg.
1069 2494 1118 2515 ιι.
1147 2480 1249 2527 quod
1274 2482 1370 2514 idem
1394 2488 1540 2514 senatus
1565 2493 1590 2514 a

146 2523 199 2564 1'3.
221 2529 450 2565 referendum
485 2530 593 2564 AB&
607 2542 628 2563 κ
644 2531 698 2576 λμ
713 2531 792 2569 νξο
806 2541 825 2576 ρ
839 2539 889 2562 στ
979 2529 1238 2574 perferendum
1273 2530 1302 2562 R
1337 2527 1414 2562 cod.
1456 2527 1586 2562 Dresd.

140 2575 273 2611 Franc.
307 2587 397 2610 αεπ
443 2578 703 2623 proferendum
732 2589 755 2616 ς
859 2577 911 2611 15.
936 2575 1092 2610 Tribuni
1120 2575 1240 2620 plebis
1263 2587 1328 2608 om.
1355 2576 1425 2610 AB
1532 2578 1587 2610 16.

141 2627 227 2657 ante
249 2626 282 2658 A
327 2625 499 2659 incitatus
526 2636 583 2673 aq
600 2626 699 2663 wa}
818 2636 868 2669 ¹7·
894 2622 1074 2668 flagitaret
1098 2624 1128 2656 B
1152 2625 1227 2668 (pr.
1253 2627 1318 2665 m)
1423 2623 1472 2658 18.
1499 2634 1585 2667 par—

139 2669 215 2704 voli
240 2669 356 2718 'prst
476 2674 576 2717 parvi
605 2681 654 2704 αε
804 2683 852 2716 ¹9-
881 2673 1130 2716 quaestionem
1169 2670 1269 2704 iuam
1296 2675 1333 2703 et
1363 2669 1480 2716 legem
1514 2671 1586 2704 AB

140 2717 243 2751 illam
266 2718 380 2763 legem
407 2724 444 2753 et
466 2724 604 2765 quaest.
629 2720 699 2753 ΒΟ
