1846 3178
305 197 420 240 xvin

341 333 389 374 p.
419 319 707 360 Laurentianus
744 318 843 372 plut.
874 321 944 361 LI.
974 335 1016 359 n.
1052 333 1127 373 ποι,
1171 321 1336 375 Lagom.
1364 319 1446 372 64„
1476 319 1732 361 membranu-

415 420 510 447 ceus
550 420 627 446 sec.
658 406 878 456 undecimi,
924 407 1220 447 characteribus
1249 406 1582 462 Langobardicis,
1611 407 1733 448 form.

410 493 452 547 4.
510 494 674 534 Praeter
706 494 765 532 Μ.
801 493 977 533 Terentii
1003 494 1197 535 Varronis
1235 494 1358 534 libros
1393 493 1443 533 de
1477 492 1614 548 lingua
1637 472 1733 535 'La-

411 581 497 621 tina
536 579 740 618 Ciceronis
780 579 999 618 orationem
1027 578 1305 618 Cluentianam
1347 585 1387 618 et
1425 577 1638 618 Rhetorica
1682 577 1734 618 ad

410 667 660 707 Herennium
698 666 890 705 continet.
963 664 1039 703 Hic
1078 664 1178 703 liber
1225 663 1430 716 omnium,
1482 665 1628 718 quibus
1669 664 1732 704 usi

411 768 571 803 sumus,
617 752 914 804 antiquissimus
932 781 942 798 ‚
987 750 1096 790 haud
1134 750 1254 790 dubie
1283 764 1356 805 pro
1382 751 1492 792 fonte
1525 749 1733 791 habendus

412 853 575 889 eorum,
627 839 696 891 qui
725 843 961 890 sequuntur,
991 843 1030 875 ct
1068 836 1250 875 omnium
1287 836 1481 889 fortasse,
1515 837 1558 876 in
1587 835 1733 889 quibus

408 925 569 966 eaedem
596 924 761 963 lacunae
786 929 991 977 apparent.

340 1056 380 1095 q.
411 1039 703 1080 Laurentianus
727 1037 827 1091 plut.
852 1037 1043 1078 XLVIII.
1071 1051 1112 1080 n.
1140 1051 1200 1091 9.,
1231 1037 1327 1091 Lag.
1364 1050 1422 1091 9.,
1451 1037 1620 1077 membr.
1653 1036 1731 1077 fol.

409 1141 489 1166 sec.
529 1126 590 1165 15.
617 1125 904 1178 elegantissime
931 1124 1113 1178 scriptus.
1172 1124 1328 1163 Desinit
1356 1124 1443 1164 iste'
1459 1137 1495 1167 c.
1520 1122 1589 1178 67.
1626 1137 1731 1178 ¹9²0

406 1227 448 1266 p.
489 1212 586 1261 134,
625 1211 691 1253 23.

342 1330 377 1354 r.
410 1314 510 1354 Cod.
540 1314 583 1353 S.
615 1314 743 1352 Marci
770 1328 810 1352 n.
849 1327 937 1353 102.
965 1312 1208 1363 membran.‚
1239 1314 1336 1369 Lag.
1371 1326 1412 1355 2.

341 1445 374 1469 s.
402 1429 694 1468 Laurentianus
722 1427 825 1481 plut.
853 1427 1045 1468 XLV111.
1077 1441 1122 1468 n.
1166 1442 1243 1480 1o.‚
1273 1429 1372 1483 Lag.
1407 1443 1487 1482 10.‚
1515 1427 1732 1470 membran.

408 1515 480 1555 fol.
511 1529 589 1554 sec.
627 1529 641 1553 1
651 1514 686 1554 5.

339 1632 367 1660 t.
417 1622 613 1659 Laurent.
643 1617 767 1656 eiusd.
794 1615 897 1670 plut.
931 1631 970 1658 n.
1007 1631 1081 1670 11.‚
1095 1616 1193 1671 Lag.
1231 1631 1310 1669 11.‚
1323 1616 1542 1661 membran.
1569 1616 1640 1658 fol.
1665 1629 1730 1657 sec

411 1709 474 1751 15.

353 1825 396 1851 u.
425 1811 715 1850 Laurentianus
754 1810 804 1848 ei.
828 1808 884 1862 pl.
909 1823 951 1848 n.
991 1809 1064 1860 13„
1078 1809 1177 1863 Lag.
1210 1808 1521 1860 13.‚memhran.
1550 1808 1619 1848 fol.
1648 1821 1727 1848 sec.

410 1897 472 1939 15.
531 1897 583 1935 Hi
611 1904 783 1950 quatuor
826 1896 996 1936 codices·
1023 1911 1047 1935 r
1072 1920 1124 1926 —
1152 1909 1179 1936 ιι
1216 1910 1361 1952 magno
1398 1898 1503 1937 inter
1538 1910 1582 1937 se
1634 1909 1731 1935 con-

406 1998 521 2024 sensu
551 1983 720 2036 insignes
747 1990 854 2024 sunt.

1297 2047 1347 2064 ιη’...

333 2103 373 2131 υ.
403 2087 696 2126 Laurentianus
724 2085 891 2126 membr.
935 2085 1004 2127 fol.
1035 2098 1115 2124 sec.
1165 2083 1243 2136 15„
1281 2073 1407 2127 eiusd.
1436 2083 1539 2139 plut.
1565 2097 1608 2123 n.
1640 2096 1726 2132 20„

404 2174 567 2227 Lagom.
596 2187 675 2222 20„
695 2172 893 2225 eleganter
922 2172 991 2212 sed
1021 2186 1163 2226 parum
1191 2171 1397 2212 emendate
1421 2177 1616 2211 exaratus.

324 2302 378 2329 W·
413 2285 513 2325 Cod.
549 2286 779 2325 chartaceus
806 2285 947 2340 colleg.
979 2284 1164 2325 Lincoln.
1190 2300 1231 2326 n.
1269 2286 1328 2337 14.
1353 2287 1486 2326 Oxon.
1511 2287 1564 2330 T.

340 2419 386 2448 x.
420 2402 522 2443 Cod.
552 2402 837 2455 Lagomarsinii
863 2401 957 2444 86.:
989 2403 1187 2442 incertum
1226 2415 1271 2441 ex
1314 2415 1394 2455 qua
1428 2407 1542 2455 parte
1579 2398 1726 2440 biblio-

408 2490 547 2529 thecae
586 2488 811 2536 Mediceae3
840 2501 881 2527 v.
923 2487 1099 2541 Peyron.
1127 2501 1168 2540 p.
1210 2484 1301 2538 240.
1359 2485 1606 2526 Varietatem
1644 2484 1730 2524 eius

408 2575 519 2616 haud
555 2573 889 2616 contemnendam
929 2573 981 2614 ad
1015 2575 1189 2629 priorem
1223 2575 1413 2617 orationis
1452 2579 1606 2628 partem
1645 2585 1727 2613 non

409 2662 603 2716 integram
630 2660 841 2701 habemus.
