1846 3178
312 151 408 191 202
853 133 1177 178 ADNOTATIO

302 252 538 308 posteritatis
576 254 803 295 memoriam
829 252 1015 310 ‘prodita-
1091 256 1235 312 Itaque
1274 272 1525 313 nequaquam
1564 273 1728 300 moveor

308 321 532 374 suspicione
565 321 649 374 illa,
687 325 919 377 praesertim
959 341 1085 380 quum
1123 330 1294 382 insignia
1330 331 1485 370 minora
1527 329 1728 384 quaelibet

307 398 540 432 ornamenta
577 393 902 448 complectantur,
946 411 1049 451 quae
1081 397 1237 453 singula
1275 414 1495 442 memorare
1522 414 1603 442 non
1634 402 1727 443 atti-

305 461 441 502 nebat.

420 562 510 599 112,
542 549 582 590 5.
621 551 664 590 in
699 553 894 593 hominum
925 555 1116 609 periculis
1163 556 1444 609 defendendis:
1483 557 1606 614 vulgo
1623 573 1638 601 ε
1682 561 1727 600 in

303 621 476 661 omnium
496 634 509 660 ε
548 620 617 661 sed
657 622 745 676 quis
770 623 897 662 omnis
925 621 1135 662 defendere
1162 621 1238 662 sibi
1266 627 1427 663 sumat?
1456 637 1499 664 v.
1527 638 1649 679 supra
1672 625 1723 666 ad

301 703 393 744 pag.
427 690 473 730 15
495 720 506 739 ‚
534 704 577 744 9.

416 777 476 817 13.
510 791 625 832 quum
662 777 861 834 i’tfinitum
882 807 895 827 ,
939 786 1019 818 tum
1070 778 1269 819 obscurum
1327 788 1367 819 et
1407 779 1599 820 occultum
1646 780 1722 837 est]

298 845 433 900 Vulgo
481 854 574 887 ante
623 848 816 895 infinitum
869 863 914 888 ex
975 849 1243 904 superioribus
1290 857 1526 904 repetuntur
1563 850 1687 892 verba
1707 866 1722 894 ε

297 917 487 957 incertum
516 927 576 958 et:
615 933 717 973 quae
745 934 827 960 non
867 918 998 960 solum
1034 934 1201 974 magnus
1234 920 1349 964 MSS.
1386 934 1614 976 consensus„
1647 921 1723 963 sed

295 987 384 1040 ipsa
407 989 510 1027 ratio
545 995 584 1029 et
617 990 825 1030 necessitas
864 990 987 1031 deleri
1025 991 1190 1031 iubent=
1236 1005 1331 1031 nam
1372 992 1414 1033 id
1453 994 1583 1048 ipsum
1611 990 1722 1046 quod

295 1059 341 1098 in
368 1059 627 1112 praecedente
661 1061 787 1101 verbo
822 1063 1060 1114 convenerit,
1088 1063 1346 1103 incertum
1373 1069 1530 1103 tantum
1555 1061 1722 1104 videba-

293 1136 388 1180 tur,
417 1130 459 1169 id
493 1129 617 1170 altero
642 1131 719 1172 hoc
748 1135 981 1173 consenserit
1003 1134 1270 1173 obscurum
1298 1143 1336 1173 ee
1370 1148 1456 1173 occ
1466 1134 1614 1174 ultum
1651 1133 1716 1174 di-

293 1201 419 1239 citur:
467 1200 647 1240 consulto
673 1202 794 1255 igitur
810 1203 1033 1242 intenditur
1068 1205 1180 1257 prius
1229 1204 1432 1258 epitheton
1452 1235 1465 1254 ,
1498 1205 1610 1260 quod
1640 1205 1717 1245 mi-

293 1283 402 1310 mme
434 1284 525 1310 cum
558 1271 861 1326 amplificatione
879 1286 949 1312 sua
975 1275 1236 1314 coniunctum
1264 1282 1370 1314 stare
1400 1277 1543 1330 potuit.

405 1372 418 1398 1
433 1359 493 1406 13,
521 1371 535 1398 1
548 1372 582 1398 1.
612 1359 750 1399 iudicis
765 1389 778 1411 ,
819 1358 1006 1415 cogitare]
1063 1361 1178 1411 Quae
1213 1359 1259 1399 h.
1287 1359 1317 1399 l.
1355 1367 1445 1400 ante
1473 1360 1716 1414 Naugerium

290 1437 330 1471 et
359 1430 598 1471 Lambinum
626 1430 903 1471 inserebantur
919 1461 929 1479 ‚
976 1433 1190 1471 meminisse
1213 1446 1253 1470 se
1280 1432 1491 1482 hominem,
1533 1430 1715 1486 aliquan-

288 1508 377 1541 tum
397 1503 640 1541 auctoritatis
668 1501 951 1542 nanciscuntur
977 1515 1023 1541 ex
1051 1502 1211 1555 optimis
1237 1500 1349 1541 libris
1379 1501 1539 1553 nostris,
1554 1502 1623 1555 qui
1642 1501 1715 1542 soli

282 1572 426 1612 cadem
456 1572 579 1612 verba
604 1571 802 1615 exhibent.
854 1572 1007 1611 Tamen
1035 1572 1218 1626 equidem
1243 1587 1267 1611 a
1297 1586 1362 1612 me
1386 1574 1598 1626 impetrare
1631 1585 1716 1612 non-

284 1645 411 1697 potui,
442 1651 488 1683 ut
514 1658 560 1684 ea
588 1643 627 1682 in
657 1649 882 1682 contextum
908 1641 1158 1682 admitterem
1174 1673 1186 1695 ‚
1225 1657 1341 1683 sensu
1368 1649 1408 1682 et
1433 1644 1612 1683 oratione
1641 1642 1714 1682 ad-

283 1713 546 1755 versantibus.
601 1713 782 1754 Primum
809 1715 915 1753 enim
934 1713 1031 1754 haec
1048 1714 1286 1761 adhortatio,
1301 1728 1403 1768 quae
1431 1721 1500 1754 aut
1534 1713 1714 1767 superbis

285 1792 325 1824 et
363 1785 565 1824 ferocibus
604 1794 695 1838 apte
724 1785 764 1823 in
791 1786 968 1824 animum
987 1785 1198 1835 wevocari,
1236 1792 1304 1824 aut
1338 1785 1390 1824 ad
1427 1784 1526 1824 levis
1558 1797 1712 1824 errores

284 1854 523 1894 excusandos
550 1854 729 1894 adhiberi
758 1856 896 1908 possit,
917 1855 981 1894 vix
1001 1854 1119 1893 huius
1147 1854 1223 1893 loci
1252 1869 1335 1894 esse
1359 1854 1534 1907 videtur,
1559 1855 1599 1894 in
1629 1869 1710 1909 quo

283 1926 416 1965 civilia
448 1926 583 1979 potius
602 1939 723 1979 quam
751 1925 927 1964 humana
954 1927 1041 1964 iura
1069 1932 1311 1979 spectantur.
1363 1926 1470 1965 Tum
1496 1939 1592 1966 vero
1619 1940 1710 1966 ver-

281 1995 381 2036 bum
423 1997 643 2036 meminisse
682 2004 766 2036 tam
802 1996 915 2035 brevi
951 1996 1161 2036 intervallo
1200 2011 1238 2039 v.
1275 1997 1336 2047 14.
1367 1996 1634 2051 subsequitur,
1662 2002 1710 2036 ut

281 2067 380 2108 haec
407 2069 589 2122 repetitio
618 2069 818 2108 Ciceronis
838 2068 1033 2123 elegantia
1060 2067 1224 2122 indigna
1254 2082 1338 2108 esse
1363 2067 1563 2108 videatur.

400 2173 413 2197 1
428 2157 490 2211 14,
526 2159 587 2203 16.
609 2173 687 2214 pro
716 2161 776 2199 rei
798 2157 1002 2213 dignitate]
1076 2159 1257 2213 Denique
1291 2173 1426 2198 veram
1452 2158 1555 2199 hanc
1583 2160 1708 2214 scrip-

279 2237 412 2271 turam
442 2244 488 2270 ex
515 2231 664 2284 paucis,
681 2231 751 2270 sed
777 2231 949 2284 optimae
975 2237 1092 2270 notae
1119 2229 1236 2269 codd.
1264 2230 1442 2269 restitui:
1470 2228 1593 2283 vulgo
1618 2229 1706 2283 legi-

278 2308 346 2341 tur
370 2315 382 2340 :
417 2315 495 2356 pro
528 2303 589 2340 rei
617 2302 798 2357 publicae
821 2302 1030 2354 dignitate.-
1069 2300 1138 2340 sed
1164 2314 1226 2340 res
1258 2301 1357 2354 ipsa,
1390 2302 1522 2354 gravis
1549 2301 1624 2346 ista
1652 2301 1704 2342 de

278 2371 434 2412 iudiciis
461 2372 503 2412 in
534 2373 663 2412 omnis
687 2372 844 2412 ordines
870 2371 1152 2411 transferendis
1178 2372 1380 2424 quaestio,
1421 2370 1571 2410 iamdiu
1609 2385 1702 2412 ora-

277 2443 374 2483 toris
401 2444 580 2482 animum
606 2449 1022 2496 occupaverat,neque
1048 2449 1181 2481 tamen
1210 2443 1302 2482 satis
1331 2440 1438 2481 hunc
1464 2440 1594 2480 locum
1611 2455 1704 2494 per-

277 2528 465 2568 purgasse
492 2514 566 2553 sibi
598 2514 776 2554 videtur:
810 2514 1024 2553 rectissime
1052 2513 1173 2567 igitur
1211 2512 1379 2552 nimium
1399 2525 1440 2551 se
1458 2525 1533 2565 pro
1555 2510 1702 2552 Cluen-

276 2586 322 2624 tii
351 2584 568 2635 voluntate,
589 2586 656 2640 qui
687 2585 781 2638 legis
811 2584 1000 2624 beneficio
1028 2598 1069 2623 se
1096 2585 1226 2638 ipsum
1245 2582 1432 2637 privavit,
1461 2595 1601 2635 parum
1627 2596 1701 2635 pro

273 2656 332 2696 rei
365 2655 555 2709 dignitate
571 2687 581 2705 ‚
612 2670 714 2713 quae
742 2655 792 2697 ad
819 2655 963 2697 multas
995 2670 1130 2697 causas
1155 2656 1352 2711 pertinet,
1386 2653 1527 2695 dixisse
1555 2660 1700 2705 censet,
