1846 3178
625 126 738 168 PRO
786 125 840 167 A.
888 125 1186 167 CLUENTIO.
1540 133 1627 181 103

181 251 297 302 Hoc
350 248 490 300 enim
537 250 805 300 vinculum
852 263 924 301 est
977 249 1132 300 huius
1187 249 1472 319 dignitatis,
1524 270 1628 321 qua

178 331 405 385 finimur
441 333 496 383 in
531 331 822 402 republica,
860 332 958 382 hoc
990 331 1388 381 fundamentum
1420 331 1629 382 liberta·

178 412 266 474 tis,
330 409 417 464 hic
470 415 922 484 fons'aequitatis.
1042 416 1186 464 Mens
1239 426 1290 463 et
1335 413 1537 462 animus
1577 426 1629 462 et

185 495 461 547 consilium
494 509 546 547 et
577 497 826 547 sententia
862 496 1079 546 civitatis
1111 495 1272 566 posita
1306 508 1378 544 est
1412 494 1466 543 in
1509 494 1629 563 legi-

153 577 287 628 5hus.
357 580 427 629 Ut
474 598 688 651 corpora
735 592 905 629 nostra
955 578 1062 628 sine
1109 590 1302 636 mente,
1342 577 1413 626 sic
1456 577 1629 626 civitas

179 660 288 710 sine
336 661 445 729 lege
491 662 593 711 suis
627 662 885 731 partibus,
919 673 980 710 ut
1013 660 1179 709 nervis
1213 678 1271 708 ac
1303 659 1548 727 sanguine
1578 671 1629 708 et

182 743 454 802 membris,
490 743 569 792 uti
606 762 712 792 non
747 755 925 812 potest.
993 744 1182 808 Legum
1218 741 1439 790 ministri
1474 741 1629 809 magi-

176 837 388 875 stratus:
421 826 588 893 legum
626 825 926 893 interpretes
954 822 1167 871 iudices:
1208 823 1376 889 legum
1405 822 1629 892 denique

178 906 367 958 idcirco
421 925 592 957 omnes
634 907 760 956 servi
803 924 1004 967 sumus,
1047 918 1108 954 ut
1156 903 1307 953 liberi
1342 923 1440 954 esse
1477 906 1628 976 possi-

127 1007 302 1040 nomus.
379 989 523 1055 Quid
571 1002 668 1046 est,
713 990 773 1054 Q
815 990 976 1047 Naso,
1032 1006 1125 1037 cur
1176 1001 1234 1037 tu
1280 988 1335 1037 in
1381 989 1474 1038 isto
1517 989 1628 1040 loco
1666 993 1736 1050 ¹47

148 1060 374 1123 ⁴sedeas?
422 1089 555 1140 quae
587 1072 659 1121 vis
708 1082 808 1128 est,
855 1088 958 1139 qua
989 1071 1076 1120 abs
1109 1084 1156 1120 te
1190 1071 1244 1120 hi
1281 1071 1495 1128 iudices,
1534 1073 1624 1123 tali

180 1152 433 1221 dignitate
466 1152 712 1223 praediti,
748 1154 1114 1202 coerceantur?
1155 1155 1256 1203 Vos
1299 1167 1497 1213 autem,
1547 1154 1625 1203 iu-

147 1233 334 1292 2dices,
379 1236 715 1305 quamobrem
757 1253 817 1283 ex
865 1247 1005 1285 tanta
1053 1235 1392 1285 multitudine
1434 1237 1624 1286 civium

175 1331 280 1368 tam
315 1318 468 1388 pauci
491 1317 554 1367 de
577 1316 850 1367 hominum
876 1317 1098 1366 fortunis
1129 1318 1433 1366 sententiam
1454 1317 1625 1368 fertis?

125 1415 279 1468 15quo
326 1401 440 1450 iure
471 1400 678 1459 Accius,
730 1417 863 1467 quae
909 1399 1096 1458 voluit,
1145 1399 1308 1449 dixit?
1353 1402 1459 1449 Cur
1492 1401 1621 1452 mihi

174 1482 375 1532 tamdiu
407 1494 623 1553 potestas
656 1481 861 1531 dicendi
897 1480 1085 1532 datur?
1141 1483 1284 1548 Quid
1315 1484 1411 1533 sibi
1447 1497 1621 1534 autem

169 1564 248 1614 illi
281 1566 488 1625 scribae,
525 1564 655 1633 quid
689 1565 904 1626 lictores,
941 1563 1070 1633 quid
1104 1565 1272 1624 ceteri,
1309 1584 1438 1633 quos
1460 1585 1620 1635 appa-

171 1663 280 1696 rere
326 1647 449 1697 huic
482 1647 768 1715 quaestioni
803 1646 968 1706 video,
1015 1647 1228 1696 volunt?
1262 1647 1463 1716 Opinor
1496 1648 1620 1698 haec

171 1729 343 1781 omnia
378 1730 485 1798 lege
519 1729 644 1790 fieri,
680 1741 950 1798 totumque
983 1729 1081 1779 hoc
1114 1729 1368 1781 iudicium
1386 1729 1618 1798 (utente

115 1810 297 1876 nedixi)
341 1812 484 1881 quasi
530 1825 701 1862 mente
748 1811 974 1880 quadam
1008 1811 1113 1880 regi
1149 1813 1270 1880 legis
1303 1826 1354 1864 et
1388 1813 1619 1864 admini-

167 1894 331 1944 strari.
366 1892 508 1960 Quid
545 1891 1087 1962 e1·go?haecquaest10
1120 1895 1222 1943 sola
1258 1894 1328 1944 ita
1364 1895 1618 1964 guberna-

283 2014 344 2055 13.
375 2029 420 2054 ex
448 2021 532 2053 tam
560 2028 705 2069 magna
848 2028 909 2068 ¹9·
941 2021 1059 2053 antea
1186 2026 1251 2057 21.
1279 2015 1376 2070 quid
1407 2031 1501 2072 ergo
1528 2021 1622 2058 est?

263 2136 290 2160 ι.
306 2124 511 2206 dignitatis&
527 2125 684 2159 civitatis
699 2134 747 2158 αε
863 2126 894 2158 3.
922 2122 994 2172 hic]
1015 2124 1084 2158 hoc
1096 2125 1166 2159 AB
1198 2127 1236 2160 in
1262 2132 1382 2162 mente
1398 2127 1426 2162 C
1455 2128 1622 2163 civitates

166 2173 238 2207 AB
307 2176 340 2208 6.
373 2172 461 2206 utB
532 2174 680 2215 (Aomj
705 2173 1084 2220 αρνεεαννβκλνξ
1110 2181 1144 2206 et
1176 2184 1277 2223 seqq.
1328 2181 1365 2208 et
1390 2175 1618 2220 Ιίαγδεζη

165 2219 221 2267 ac]
249 2224 287 2254 et
313 2219 496 2266 Ccfuq}
590 2223 621 2254 8.
637 2220 804 2265 etlcgnm
820 2221 885 2253 int.
911 2221 980 2255 AB
1074 2232 1106 2266 9.
1135 2220 1293 2255 idcirco:
1325 2221 1413 2256 hinc
1431 2234 1544 2271 usque
1569 2223 1625 2258 ad

166 2277 198 2300 c.
221 2268 276 2312 67.
304 2275 395 2300 extr.
443 2272 509 2300 aut
546 2278 592 2301 ne
618 2267 713 2301 forte
737 2266 862 2315 deficit
886 2280 910 2302 α
1057 2266 1164 2313 legib.
1201 2270 1277 2316 niq.
1314 2268 1448 2303 idcirco
1491 2281 1617 2304 omnes

164 2315 341 2346 servimus
366 2314 461 2356 (sic)
489 2314 517 2347 C
672 2327 722 2348 ιο.
750 2313 851 2360 quid]
882 2315 980 2361 quod
1009 2316 1039 2350 C
1131 2314 1169 2347 in
1203 2315 1274 2350 isto
1301 2317 1380 2350 loco
1406 2315 1622 2352 ABCbcd

163 2358 951 2407 εῙ51ιὶκΙηιηουγδζθψκλμνξρστ
1032 2364 1072 2397 in
1105 2359 1175 2395 hoc
1212 2363 1290 2396 loco
1324 2372 1407 2404 εης
1480 2364 1519 2396 in
1545 2362 1616 2399 hoe

161 2407 242 2441 loco
268 2412 370 2441 sexto
399 2408 458 2442 Fr.
490 2420 516 2442 ι.
546 2410 600 2452 αβ
744 2409 780 2441 in
807 2408 875 2442 hoc
911 2414 1013 2443 sexto
1047 2411 1126 2444 loco
1150 2421 1210 2457 pq
1228 2419 1380 2444 rstuw
1516 2412 1614 2448 Pall.

165 2466 310 2496 omnes,
335 2453 467 2492 Dresd.
502 2455 559 2489 Fr.
587 2467 621 2491 2.
647 2455 749 2490 codd.
786 2457 934 2490 Lallem.
974 2467 1035 2491 071
1298 2469 1346 2491 ια.
1390 2457 1615 2504 indignitate

162 2511 185 2533 κ
417 2504 466 2536 ι3.
497 2507 597 2536 tanta
623 2505 668 2535 II
691 2509 858 2550 (praeter
882 2508 932 2548 w)
965 2503 1183 2550 τιγδεζητ
1212 2509 1311 2536 tauta
1347 2516 1472 2550 magna
1497 2518 1510 2538 ι
1540 2511 1612 2539 tam

162 2558 288 2594 magna
316 2549 614 2597 κλμνξοπρσ
736 2553 787 2585 ι6.
813 2550 960 2584 dir-endi
988 2557 1148 2598 potestas
1174 2551 1361 2599 chaeeqz
1409 2552 1557 2586 dicundi
1585 2554 1617 2587 C

166 2605 218 2638 17.
246 2595 301 2628 ini
326 2607 391 2630 om.
418 2598 489 2630 AB
610 2611 659 2643 ¹9·
687 2603 772 2631 ante
806 2599 974 2633 ABCoz
1026 2604 1132 2633 antea
1159 2599 1302 2644 Rvulg.
1422 2611 1477 2635 zio.
1507 2611 1613 2634 men-

162 2646 235 2674 tem
262 2642 290 2676 C
383 2646 456 2688 regi
482 2644 585 2692 legis]
636 2646 714 2690 lege
742 2646 815 2690 regi
842 2648 859 2684 ξ
909 2647 982 2691 regi
1006 2647 1085 2691 lege
1112 2653 1158 2689 a·
1184 2646 1273 2690 legis
1308 2647 1383 2691 regi
1416 2647 1476 2683 Fr.
1518 2659 1549 2683 ι.
1582 2657 1613 2682 π

163 2693 202 2722 et
226 2699 293 2727 om.
315 2690 377 2723 Boe
470 2702 523 2728 21.
550 2692 642 2738 quid
670 2694 782 2739 ergo?
806 2693 917 2728 ABC
961 2693 1052 2740 quid
1078 2704 1161 2740 ergo
1187 2692 1270 2728 est?
1295 2693 1367 2730 ΒΟ
