1846 3178
301 148 362 197 60
903 144 1110 186 onATlo

302 269 609 321 ciliationem
641 270 838 337 gratiae.
902 271 1038 317 Tene
1070 268 1192 327 hoc,
1225 269 1364 328 Acci,
1399 268 1589 326 dicere,
1626 259 1720 319 tali

302 351 596 420 prudentia,
631 350 782 399 etiam
817 368 911 401 usu
943 358 1098 417 atque
1136 351 1489 401 exercitatione
1521 351 1718 421 praedi-

304 435 445 483 tum?
475 431 901 501 Sapientissimum
934 449 1030 481 esse
1056 431 1235 481 dicunt
1265 450 1404 492 eum,
1439 434 1542 491 cui,
1579 432 1719 500 quod

303 533 429 583 opus
459 515 543 572 sit,
579 514 672 582 ipsi
704 514 872 563 veniat
904 515 959 562 in
991 527 1234 564 mentemx
1268 514 1492 582 proxime
1522 514 1719 564 accede-

303 614 359 645 re
393 597 552 654 illum,
596 596 688 663 qui
723 595 929 644 alterius
976 595 1103 643 bene
1138 595 1351 646 inventis
1383 596 1742 664 obtemperet.5

301 679 363 725 In
392 676 604 725 stultitia
651 688 826 725 contra
877 690 961 727 est,
1036 677 1206 726 Minus
1253 677 1389 725 enim
1432 678 1614 727 stultus
1645 690 1719 728 est

302 757 372 816 is,
419 758 500 806 cui
537 757 668 806 nihil
703 758 758 806 in
791 770 1010 806 mentem
1041 758 1200 815 venit,
1252 775 1406 824 quam
1441 759 1554 818 ille,
1600 759 1717 826 qui,

301 832 441 905 quod
486 840 637 890 stulte
675 839 818 888 alteri
850 840 988 888 venit
1035 839 1090 888 in
1124 852 1365 898 mentem,
1415 840 1718 908 comprobat.

302 923 453 969 Istam
486 920 890 969 conciliationem
922 921 1108 986 gratiae
1131 922 1357 970 Staienus
1390 933 1499 969 tum
1532 922 1720 969 recenti

306 1020 385 1061 re,
420 1021 582 1070 quum
616 1003 843 1052 faucibus
875 1015 1210 1070 premeretur,
1246 1002 1563 1070 excogitavit,
1597 1003 1774 1061 sive,1o

304 1098 366 1134 ut
399 1085 623 1134 homines
661 1097 770 1133 tum
814 1084 1179 1149 loquebantur,
1224 1103 1252 1132 a
1297 1087 1346 1133 P.
1382 1083 1594 1152 Cethego
1635 1082 1722 1132 ad-

305 1164 528 1213 monitus
575 1162 738 1226 [istam
781 1163 920 1213 dedit
953 1164 1316 1214 conciliationis
1349 1178 1399 1215 et
1430 1167 1616 1233 gratiae
1649 1165 1733 1214 fa·

229 1252 281 1293 85
309 1244 522 1306 bulam].
586 1247 713 1294 Nam
747 1246 894 1294 fuisse
926 1246 1067 1294 hunc
1100 1259 1208 1294 tum
1241 1247 1510 1296 hominum
1541 1265 1723 1298 sermo-

304 1343 446 1384 nem,
490 1325 740 1374 recordari
774 1326 997 1394 potestis:
1044 1328 1341 1394 Cethegum,
1392 1328 1531 1395 quod
1562 1329 1722 1378 homi·
1775 1378 1778 1381 ,

304 1426 423 1458 nem
468 1405 646 1456 odisset
685 1420 734 1456 et
780 1408 919 1475 quod
965 1408 1069 1456 eius
1123 1409 1496 1476 improbitatem
1539 1411 1782 1460 vertetu-iffi⁴

305 1489 362 1538 in
395 1490 655 1559 republica
688 1493 869 1551 nollet,
917 1503 968 1540 et
1000 1490 1137 1558 quod
1169 1489 1359 1540 videret
1381 1529 1394 1550 ,
1442 1509 1585 1550 eum,
1619 1491 1722 1559 qui

303 1588 354 1621 se
387 1572 450 1620 ab
484 1589 568 1621 reo
601 1572 897 1639 pecuniam,
931 1590 1092 1638 quum
1129 1572 1282 1620 iudex
1312 1583 1456 1629 esset,
1491 1573 1619 1621 clam
1651 1582 1724 1620 at-

304 1671 406 1720 que
439 1666 575 1702 extra
620 1652 851 1701 ordinem
882 1654 1120 1721 accepisse
1153 1655 1398 1702 confessus
1441 1665 1582 1712 esset,
1629 1653 1724 1701 sal·

305 1754 426 1785 vum
470 1752 566 1784 esse
613 1755 716 1784 non
759 1752 919 1797 posse,
967 1736 1136 1784 minus
1177 1736 1222 1784 ei
1266 1736 1412 1784 fidele
1455 1736 1721 1785 consilium

306 1817 505 1866 dedisse.
572 1820 634 1866 In
668 1817 761 1866 hoc
793 1817 833 1865 si
868 1818 1128 1885 improbus
1161 1818 1402 1884 Cethegus
1433 1817 1554 1875 fuit,
1588 1815 1779 1870 vide-20

307 1912 394 1950 tur
448 1899 575 1948 mihi
629 1899 967 1949 adversarium
1010 1916 1259 1949 removere
1313 1899 1533 1948 voluisse.
1632 1898 1741 1949 Sin.

304 1993 413 2030 erat
445 1981 687 2030 eiusmodi
721 2000 892 2041 causa,
942 1995 1001 2030 ut
1033 1982 1259 2031 Staienus
1291 1997 1525 2030 nummos,
1561 1996 1610 2028 se
1642 1996 1721 2027 ac-

304 2063 486 2131 cepisse
527 2080 705 2129 negare
750 2081 855 2111 non
889 2075 1075 2133 posset,
1124 2061 1254 2111 nihil
1288 2073 1456 2110 autem
1488 2070 1594 2107 erat
1626 2075 1719 2126 pe-

302 2143 566 2194 riculosius
597 2160 690 2193 nec
724 2143 943 2212 turpius,
990 2160 1166 2209 quam,
1222 2139 1288 2188 ad
1319 2158 1473 2207 quam
1509 2157 1614 2190 rem
1646 2157 1721 2189 ac-

414 2298 430 2322 1
440 2284 477 2323 3.
505 2297 584 2324 om.
612 2291 700 2324 tum

397 2429 425 2453 ι.
469 2415 513 2449 ad
558 2415 820 2451 conciliationis
864 2415 1009 2460 gratiam
1038 2414 1149 2449 .ABb
1185 2416 1316 2456 (corr)
1423 2411 1489 2447 tali
1525 2411 1632 2446 etiam
1666 2420 1746 2454 pn>

301 2465 321 2503 ξ
414 2464 446 2496 3.
472 2463 773 2508 sapientissimum
799 2462 905 2496 etiam
931 2473 954 2494 a
1067 2462 1134 2494 dic.
1160 2472 1234 2494 esse
1260 2470 1308 2492 αε
1477 2456 1509 2501 4.
1539 2457 1720 2502 proxime]

299 2521 395 2554 pone
422 2508 497 2543 cod.
529 2509 654 2543 Dresd.
713 2509 871 2542 accidere
895 2521 919 2554 p
1018 2509 1048 2542 5.
1074 2508 1336 2551 obtemperaret
1359 2507 1387 2539 B
1469 2515 1518 2539 ια.
1542 2505 1646 2537 istam
1677 2522 1719 2530 —-

300 2555 458 2588 fabulam
483 2567 547 2588 om.
571 2557 638 2590 AB
686 2561 722 2589 et.
745 2568 810 2589 om.
835 2556 911 2589 Pal.
953 2567 977 2588 ι.
1004 2556 1022 2593 ξ
1095 2554 1252 2600 spurium
1277 2560 1394 2586 censet
1419 2563 1439 2584 τ
1565 2553 1618 2586 13.
1645 2556 1720 2584 tum

302 2600 385 2637 add.
410 2614 453 2634 ex
481 2603 547 2640 AB
657 2604 706 2636 15.
732 2600 879 2648 odisset]
908 2600 1100 2635 occidisset
1122 2601 1178 2645 λιι
1240 2630 1245 2637 ,
1276 2602 1325 2633 16.
1377 2603 1413 2631 et
1436 2609 1501 2631 om.
1528 2608 1551 2628 α
1663 2607 1720 2631 20.

300 2645 386 2694 fuit]
414 2648 560 2686 fuissset
568 2650 650 2697 AB
706 2661 759 2682 αι.
785 2649 840 2682 sin
858 2647 946 2694 erat]
973 2649 1087 2680 inerat
1108 2646 1213 2692 desg
1225 2645 1275 2682 Ῐιι“
1288 2645 1308 2682 Ι(
1323 2646 1502 2690 lnopqt
1512 2640 1723 2683 ειιινυυιΐζ

302 2695 332 2732 δί
357 2695 474 2731 inerat
497 2703 550 2734 αι
597 2706 719 2731 venun
743 2695 858 2730 iuerat
880 2707 910 2743 ιι
957 2694 1013 2729 vel
1036 2692 1127 2730 adde
1153 2694 1213 2729 hie
1237 2694 1267 2726 si
1294 2692 1410 2726 inerat
1433 2692 1522 2734 (sic)
1548 2702 1571 2723 α
