1846 3178
719 139 965 202 c'm‘rch.
1480 164 1569 232 ¹95

229 285 284 339 93
299 312 312 336 ,
343 282 382 325 5.
412 298 482 324 sua
509 283 696 339 scientia]
729 284 838 324 Haec
869 292 927 325 est
958 283 1156 339 scriptura
1181 284 1362 324 omnium
1386 285 1570 327 codicum

121 361 282 410 praeter
306 355 552 396 Francianos
567 386 580 408 ‚
612 371 788 411 quorum
819 358 1017 398 levissima
1042 363 1102 397 est
1127 356 1248 397 fides:
1287 364 1425 396 contra
1448 373 1570 411 quam

120 441 200 468 cur·
238 425 416 468 Orellius
456 441 588 481 nuper
626 429 761 469 denuo
804 427 1004 479 luctetur,
1059 436 1099 468 et
1141 428 1307 468 alteram
1332 430 1568 469 conscientia

120 499 331 539 artificiosa
367 498 540 553 quadam
575 499 729 539 ratione
762 500 868 539 tueri
903 505 1098 550 conetur,
1147 513 1232 539 non
1270 498 1403 539 video.
1463 498 1569 539 Vide

119 569 242 611 modo
263 569 385 610 allata
407 570 530 624 paulo
556 578 649 610 ante
678 571 802 624 ipsius
833 570 1031 624 Scipionis
1055 569 1204 611 verba:
1245 585 1295 609 se
1330 571 1486 618 θεῖν-8,·
1523 569 1569 608 si

115 642 204 697 quis
237 650 378 682 eontra
416 643 539 682 vellet
575 641 706 681 dicere
719 672 729 690 ‚
783 656 940 682 usurum
976 657 1055 681 esse
1088 656 1178 682 eum
1223 656 1290 681 suo
1327 642 1566 680 testimonio.-

117 725 255 754 nonne
280 721 418 768 aperta
442 713 494 754 ad
523 713 622 753 haec
647 713 771 753 verba
811 713 952 753 Cicero
985 715 1181 768 respexit,
1223 727 1350 767 quum
1385 711 1564 752 diceret:

114 783 199 838 ipse
225 797 317 823 sua
345 784 568 824 sciencia
596 808 648 815 -
678 792 873 823 contentus
900 798 980 824 non
999 785 1122 837 ficit?
1149 784 1213 822 De
1244 783 1357 823 verbi
1384 786 1567 824 scientiae

114 867 195 894 usu
218 855 252 894 si
274 855 450 907 dubites,
467 856 648 896 conferas
669 856 711 895 d.
743 855 882 899 Divin.
907 857 960 904 ll,
991 870 1032 911 9.
1063 856 1139 895 23:
1171 856 1407 907 sutzcrorum
1437 856 1567 895 malo-

114 938 205 966 rum
227 927 424 981 ignoratio
452 928 591 968 utilior
622 936 679 967 est
701 941 820 983 quam
845 929 1021 970 scientia.
1076 926 1157 966 Sed
1182 927 1237 965 sic
1265 929 1399 979 potius
1425 923 1565 981 dispu'-

114 998 286 1039 tandum
306 1007 392 1040 erat
416 1001 459 1040 in
484 1000 574 1040 loco
602 1007 743 1039 contra
768 1000 882 1041 MSS.
911 1006 1091 1038 tentato:
1123 999 1166 1038 in
1199 1012 1346 1052 magno
1378 987 1565 1039 codicum

113 1083 309 1111 consensu
333 1070 475 1112 melius
504 1085 585 1111 non
615 1070 844 1110 dubitatum
870 1077 971 1110 esset
998 1085 1022 1110 a
1051 1070 1149 1110 viris
1180 1069 1324 1109 doctis.

223 1141 302 1198 95,
341 1156 381 1197 7.
413 1142 457 1181 in
486 1155 581 1199 quos
609 1150 689 1180 tum
719 1141 901 1181 Consules
929 1138 1171 1194 designatos]
1192 1140 1436 1179 Garatonius
1452 1154 1565 1194 egre-

111 1213 177 1268 gie
197 1211 306 1252 hunc
327 1211 459 1252 locum
480 1211 680 1263 illustrat,
719 1211 955 1252 ostendens:
994 1210 1102 1250 idem
1133 1210 1244 1265 quod
1269 1211 1313 1250 in
1347 1211 1564 1264 superioris

110 1284 208 1325 anni
242 1282 437 1324 Consules
465 1283 672 1323 decretum
707 1283 851 1331 fuerit,
891 1284 932 1322 in
969 1282 1194 1336 designatos
1222 1283 1319 1321 anni
1358 1284 1563 1337 sequentis

111 1355 254 1396 eodem
286 1362 471 1409 tempore
508 1369 591 1395 esse
627 1354 833 1395 decretum
849 1385 861 1406 ‚
908 1367 1040 1407 neque
1072 1353 1279 1392 decernere
1315 1353 1359 1392 in
1388 1354 1562 1409 aliquem

109 1425 155 1466 h.
203 1425 235 1465 l.
268 1425 488 1480 quidquam
526 1424 636 1464 aliud
674 1438 780 1473 esse,
823 1439 970 1479 quam:
1024 1424 1183 1464 tradere
1221 1424 1340 1463 alicui
1379 1432 1562 1466 senatus-

107 1496 354 1538 consultum.
410 1495 491 1536 Sed
519 1495 626 1535 idem
659 1502 794 1536 tamen
823 1495 982 1535 dubitat
1005 1494 1055 1535 de
1079 1493 1276 1549 particula
1295 1504 1374 1536 tum
1391 1525 1404 1546 ,
1440 1511 1563 1550 quam

108 1581 156 1608 ex
189 1567 468 1609 emendatione
503 1567 724 1622 profectam
762 1581 844 1607 esse
878 1567 1104 1621 suspicatur
1119 1582 1132 1607 ε
1199 1568 1277 1622 ipsi
1305 1582 1351 1607 ex
1386 1570 1562 1612 editione

108 1639 366 1695 Naugeriana
404 1646 558 1679 mutata
592 1639 794 1679 distinctio
827 1638 958 1693 placet
994 1640 1036 1678 in
1081 1639 1190 1679 hunc
1226 1640 1416 1681 modum:
1467 1658 1560 1683 num

105 1725 214 1751 anno
236 1719 397 1767 post—
416 1710 601 1750 Cassius?
628 1711 670 1750 in
697 1724 794 1765 quos
820 1725 848 1765 q
861 1724 968 1750 uum
997 1710 1181 1750 Consules
1209 1710 1431 1765 designatos
1449 1714 1559 1754 idem

106 1781 212 1824 illud
247 1789 400 1822 senatus
428 1781 648 1822 decreverit
663 1810 675 1832 ,
707 1794 786 1820 non
816 1781 998 1824 tulerunt.
1051 1780 1131 1821 Sed
1158 1782 1335 1835 primum
1361 1785 1559 1836 particula

104 1863 186 1895 twa
214 1867 296 1894 non
324 1852 576 1908 aliquorum,
613 1853 683 1893 sed
706 1851 974 1906 plurimorum
1012 1859 1052 1892 et
1080 1853 1326 1907 optimorum
1356 1853 1557 1895 librorum

106 1927 348 1967 auctoritate
377 1925 547 1978 nititur3
593 1932 682 1965 tum
717 1938 814 1965 vero
858 1924 961 1964 illud
994 1925 1035 1965 in
1078 1924 1153 1965 ista
1191 1926 1347 1965 ratione
1382 1927 1555 1968 maxime

105 1998 408 2038 incommodum
438 2004 498 2038 est
514 2027 527 2050 ‚
574 1996 684 2051 quod
707 1996 833 2050 priori
860 1997 1114 2051 quaestioni:
1162 2011 1255 2036 num
1287 1997 1338 2035 L.
1367 1997 1555 2038 Lucullus

104 2092 160 2101 —
189 2071 347 2121 tulerit,
381 2069 484 2109 nihil
513 2076 614 2109 esset
642 2082 895 2123 responsum.
953 2068 1105 2108 Contra
1127 2067 1291 2123 simplex
1319 2071 1552 2124 responsio,

102 2148 188 2182 tam
226 2141 406 2182 breviter
444 2144 671 2182 enuntiata:
725 2155 803 2181 non
839 2141 1034 2190 tulerunt,
1075 2155 1262 2196 magnam
1293 2142 1377 2182 vim
1412 2142 1550 2183 habet.

103 2210 275 2252 Accedit
302 2211 413 2266 quod
449 2213 695 2266 optimorum
722 2211 908 2251 codicum
937 2225 1013 2265 ope
1047 2225 1199 2260 unum,
1236 2213 1344 2266 quod
1378 2214 1553 2255 restabat

102 2296 224 2325 verae
262 2283 485 2338 scripturae
521 2282 822 2324 incommodum
866 2282 1126 2323 sustulimus:
1185 2283 1370 2325 dedimus
1413 2287 1520 2326 enim
1535 2315 1547 2335 ‚

101 2363 319 2411 praeeunte
357 2357 579 2405 Lambino,
630 2356 858 2396 decreverat
894 2369 968 2410 pro
1006 2356 1263 2396 coniunctivo
1304 2356 1546 2408 decreverit,

102 2428 173 2483 qui
198 2427 319 2468 huius
345 2427 423 2468 loci
451 2442 531 2467 non
552 2435 654 2468 erat.

218 2500 282 2541 15.
308 2499 584 2554 referendum]
621 2500 731 2539 Haec
757 2500 874 2540 unice
902 2513 999 2539 vera
1025 2500 1224 2553 scriptura
1245 2513 1354 2539 nunc
1384 2499 1547 2541 demum

100 2583 151 2611 ex
180 2570 297 2612 MSS,
323 2585 478 2612 novum
504 2571 729 2611 subsidium
756 2579 874 2611 nacta
900 2578 983 2612 est:
1017 2585 1110 2610 nam
1139 2571 1222 2621 duo
1254 2572 1395 2624 optimi
1420 2574 1546 2612 nostri

101 2649 245 2682 contra
277 2650 395 2684 notos
419 2645 551 2683 omnis
584 2657 658 2698 pro
683 2644 751 2684 illa
784 2650 996 2687 testantur.
1050 2643 1130 2683 Sed
1160 2657 1242 2683 non
1271 2650 1368 2696 puto
1398 2643 1440 2684 id
1471 2657 1546 2684 co.

100 2713 310 2767 gitandum
338 2729 447 2765 esse,
481 2715 590 2769 quod
622 2714 752 2756 voluit
782 2714 983 2755 Orellius:
1029 2727 1206 2765 «nu-sm,
1242 2714 1370 2755 denuo
1397 2717 1545 2767 seren*
