1846 3178
1572 0 1663 52 1.,.
1687 0 1846 48 Ἡ

346 219 428 254 XVI

456 346 553 389 quas
583 331 801 374 communis
828 331 950 372 habet
975 345 1066 372 cum
1082 330 1183 382 aliis,
1211 329 1305 371 inde
1331 345 1354 371 a
1381 345 1421 386 p.
1451 345 1518 385 70,
1553 320 1614 372 11.
1645 323 1771 387 usque

390 445 395 450 -
455 422 506 462 ad
534 436 577 475 p.
608 422 677 476 74,
716 420 775 472 14.
803 426 843 459 et
871 433 893 458 a
921 433 960 472 p.
993 417 1060 472 87,
1099 418 1212 457 15-
1232 433 1301 473 92,
1320 420 1387 471 4.,
1413 421 1543 468 tertia,
1567 433 1646 473 qua
1664 418 1772 460 solus

449 507 626 548 -inssictus
655 514 716 547 est
738 536 749 555 ,
777 505 869 544 inde
900 518 923 544 a
949 519 991 558 p.
1028 504 1115 555 105,
1140 518 1167 558 9
1193 527 1246 534 —
1279 503 1371 557 154,
1400 507 1468 546 25.

392 616 431 657 b.
455 615 553 658 Cod.
582 615 623 655 S.
650 616 776 655 Marci
803 630 843 654 n.
877 614 978 666 106„
1001 592 1165 668 Lagom.
1195 613 1237 655 6.
1254 644 1267 667 ‚
1295 615 1538 657 chartaceus.
1590 615 1775 657 Continet

454 703 649 743 orationes
685 714 772 755 29.‚
813 700 1086 740 Cluentianam
1113 707 1254 740 octavo
1291 700 1392 751 loco,
1419 708 1458 741 et
1483 700 1585 742 hanc
1612 702 1774 756 quidem

453 805 477 830 a
505 788 676 830 secunda
705 801 827 826 manu
855 788 911 826 ita
950 794 1249 841 pertractatam,
1277 778 1345 826 'ut
1375 787 1548 842 vulgaris
1579 789 1772 842 recensio,
1842 789 1845 791 ’

455 892 575 932 quam
606 870 731 916 antea*
749 890 840 915 cum
870 874 984 914 codd.
1004 889 1031 914 a
1058 882 1098 914 et
1123 890 1155 915 c.
1188 875 1268 914 fere
1296 849 1605 916 consentientem
1643 876 1773 916 habu-

453 973 560 1016 erat,
604 978 711 1004 nunc
755 963 978 1016 saepissime
1006 962 1056 1002 ad
1084 963 1324 1016 optimorum
1354 963 1548 1002 librorum
1578 963 1775 1017 exemplar

453 1059 607 1092 mutata
648 1053 724 1102 sit,
758 1059 881 1105 utque
923 1058 1095 1105 quatuor
1123 1051 1287 1090 lacunae
1302 1081 1312 1099 ‚
1351 1065 1452 1104 quae
1480 1052 1591 1105 prius
1618 1053 1660 1091 in
1687 1039 1774 1102 illo,

460 1142 565 1180 sicut
605 1140 646 1178 in
670 1138 780 1187 aliis,
821 1138 1080 1192 apparebant,
1110 1137 1168 1191 (1)
1195 1152 1237 1190 p.
1268 1151 1332 1192 70,
1370 1151 1411 1176 11
1437 1160 1486 1170 —
1507 1137 1575 1191 74,
1615 1137 1678 1192 14.
1734 1141 1775 1189 2)

455 1240 499 1280 p.
530 1224 823 1280 87‚15—92
846 1255 857 1276 ‚
892 1225 932 1277 4.
1000 1226 1044 1279 5)
1076 1240 1115 1278 p.
1151 1225 1250 1274 106,
1280 1225 1370 1266 6-
1393 1239 1494 1279 110,
1529 1226 1591 1267 16.
1651 1226 1699 1281 4)
1729 1241 1771 1280 p.

462 1312 551 1365 124,
585 1326 691 1352 12-—
722 1312 819 1365 128,
854 1312 936 1367 11.)
971 1327 1107 1353 omnes
1136 1314 1214 1352 sint
1241 1312 1428 1368 expletae.

383 1436 417 1461 c.
449 1421 551 1461 Cod.
587 1420 891 1459 Laurentianus.
917 1419 1018 1473 plut.
1062 1419 1245 1460 XLVIII
1270 1435 1339 1460 110.
1369 1421 1454 1472 24.,
1482 1422 1647 1476 Lagom.
1684 1421 1776 1474 24„

454 1509 688 1549 nitidissime
724 1509 890 1562 scriptus
918 1509 1010 1561 529.
1046 1507 1152 1547 foliis
1178 1508 1488 1548 membranaceis
1516 1509 1666 1549 formae
1688 1523 1775 1549 ma-

452 1599 580 1636 ximae
606 1596 804 1635 orationes
829 1595 991 1647 triginta
1007 1608 1071 1633 sex
1091 1601 1243 1633 tenens.
1300 1593 1534 1635 Cluentiana
1550 1596 1591 1635 in
1608 1609 1656 1636 eo
1674 1609 1776 1650 quo-

454 1699 533 1738 que
559 1683 782 1737 saepissime
808 1695 832 1720 a
864 1680 1035 1720 secunda
1063 1694 1185 1720 manu
1212 1688 1387 1724 correcta
1415 1688 1484 1722 est.

349 1759 480 1823 Classis
506 1796 539 1819 2.

384 1866 428 1906 d.
461 1863 591 1903 Codex
622 1861 718 1902 olim
745 1861 1007 1900 bibliothecae
1038 1860 1077 1900 S.
1107 1858 1399 1899 Bartholomaei
1439 1860 1637 1908 Faesulis,
1671 1862 1773 1901 inter

455 1951 696 1992 Faesulanos
725 1949 830 2004 apud
854 1949 1093 1988 Bandinium
1121 1963 1161 1987 11.
1191 1948 1296 2002 187.,
1322 1949 1485 2003 Lagom.
1511 1963 1566 2001 1.‚
1584 1947 1773 1987 membra—

455 2054 602 2080 naceus
629 2053 707 2078 sec.
746 2037 887 2077 decimi
916 2038 1068 2090 quinti:
1120 2037 1150 2075 is
1183 2051 1252 2090 per
1295 2043 1421 2076 totam
1453 2037 1672 2076 orationem
1700 2050 1773 2075 no·-

457 2134 580 2167 stram
597 2140 689 2166 cum
715 2124 858 2172 tribus,
889 2125 957 2177 qui
978 2130 1214 2178 sequuntur,
1236 2123 1458 2176 saepissime
1477 2123 1686 2174 convenit,
1715 2122 1773 2162 la-

457 2227 652 2254 cunarum
679 2214 878 2255 immunis.

395 2340 429 2366 e.
456 2323 557 2364 Cod.
604 2323 644 2367 S.
674 2323 800 2362 Marci
826 2336 893 2363 no.
929 2323 1037 2372 105.,
1067 2322 1228 2376 Lagom.
1259 2321 1317 2371 5.,
1348 2319 1577 2360 chartaceus
1595 2349 1607 2368 ‚
1646 2314 1775 2358 omnis

459 2413 662 2454 Ciceronis
721 2409 918 2450 orationes
975 2413 1133 2460 praeter
1191 2405 1381 2445 Verrinas
1432 2413 1471 2446 et
1530 2403 1773 2460 Philippicas

459 2508 611 2540 tenens.

386 2598 435 2647 fi
460 2598 750 2637 Laurentianus
769 2596 868 2649 plut.
895 2594 1070 2633 XLVIII
1092 2608 1132 2633 n.
1161 2608 1214 2647 7.,
1242 2593 1339 2645 Lag.
1361 2605 1417 2646 7.,
1443 2590 1672 2630 chartaceus
1700 2588 1768 2636 fol,

464 2685 569 2736 553„
593 2699 670 2724 sec.
695 2683 770 2736 15„
788 2681 916 2722 omnis
931 2681 1146 2732 orationes,
1165 2678 1284 2718 etiam
1296 2677 1531 2731 Poggimas,
1550 2676 1771 2717 continens.
