1846 3178
586 147 698 188 PRO
731 146 785 185 A.
820 144 1122 185 CLUENTIO.
1490 112 1588 196 Ἰ1555

131 266 353 323 briciani
393 270 599 322 veneni:
645 269 784 338 quod
810 271 910 320 iam
933 283 1044 320 tum
1068 285 1239 317 recens
1261 269 1593 337 suspiciosum

134 353 328 413 ueteris,
364 354 488 403 huic
515 353 845 412 incredibile,
882 371 1025 403 nunc
1062 370 1180 401 vero
1215 364 1452 422 apertum
1489 353 1592 401 iam

135 435 375 486 omuibus
414 455 473 486 ac
493 437 819 485 manifestum
851 434 1074 485 videtur:
1121 453 1227 483 non
1255 447 1327 484 est
1361 433 1590 503 profecto

136 516 202 567 do
222 515 314 568 illo
335 536 532 569 veneno
561 520 719 568 celata
743 531 927 567 mater:
961 517 1094 566 nibil
1129 529 1200 566 est
1221 517 1285 565 ab
1300 516 1589 586 Oppianico

105 599 242 649 §dine
293 602 504 651 consilio
536 601 767 650 mulieris
824 601 1128 667 cogitatum:
1176 597 1318 667 quod
1366 599 1407 648 si
1452 611 1587 658 esset,

131 694 267 732 uerte
292 697 477 754 postea,
515 683 828 753 deprehensa
854 700 921 741 re,
952 701 1056 731 non
1089 682 1177 730 illa
1203 694 1262 731 ut
1285 700 1314 730 a
1355 682 1466 732 viro
1495 682 1589 730 im-

129 766 295 835 probo
325 765 641 826 discessisset,
675 766 760 815 sed
786 779 845 815 ut
882 785 910 815 a
947 764 1296 814 crudelissimo
1329 764 1469 814 hoste
1507 763 1588 813 fu-

126 849 296 916 gisset,
333 848 648 917 domumque
691 849 832 897 illam
869 848 924 896 in
971 861 1313 918 perpetuum,
1363 849 1584 897 seierum

128 931 364 980 omnium
427 932 720 980 affluentem
777 931 1077 998 reliquisset.
1171 931 1287 979 Non
1331 929 1483 979 modo
1529 930 1579 979 id
1608 938 1681 980 ¹90

75 1031 232 1065 »onon
265 1013 398 1074 fecit,
432 1013 517 1064 sed
541 1015 606 1063 ab
647 1015 738 1064 illo
768 1028 996 1084 tempore
1022 1015 1228 1063 nullum
1254 1015 1425 1064 locum
1442 1033 1586 1084 prae-

131 1095 348 1145 termisit
367 1134 380 1155 ,
415 1095 471 1145 in
512 1114 618 1163 quo
657 1114 762 1145 non
795 1108 1013 1145 strueret
1039 1095 1247 1145 insidias
1277 1098 1494 1165 aliquas,
1525 1115 1585 1148 ac

124 1174 230 1225 dies
266 1177 431 1226 omnis
464 1189 621 1244 atque
643 1191 814 1227 noctes
848 1191 952 1227 tota
987 1190 1156 1227 mente
1183 1191 1345 1228 mater
1379 1178 1443 1228 de
1470 1198 1584 1251 per-

121 1258 261 1308 nicie
288 1259 384 1309 filii
409 1260 665 1327 cogitaret.
736 1262 882 1324 Quae
906 1261 1135 1330 primum
1171 1274 1232 1310 ut
1264 1262 1412 1311 illum
1450 1282 1581 1312 con-

121 1341 351 1391 firmaret
371 1341 720 1410 Oppianicum
755 1356 1096 1392 accusatorem
1127 1344 1233 1393 filio
1256 1363 1347 1394 suo
1370 1383 1383 1403 ,
1417 1344 1577 1402 donis,

73 1424 451 1484 :muneribus,
488 1425 820 1475 collocatione
853 1427 1011 1484 filiae,
1047 1444 1134 1496 spe
1155 1427 1454 1477 hereditatis
1487 1429 1577 1478 ob-

117 1507 337 1573 strinxit.
403 1510 480 1557 Ita
520 1507 661 1575 quod
694 1507 836 1576 apud
873 1521 1083 1565 ceteros,
1109 1509 1251 1558 novis
1279 1510 1436 1582 inter*
1457 1529 1575 1580 pro·
1609 1520 1671 1567 67

115 1589 339 1659 pinquos
370 1591 612 1658 susceptis
651 1589 958 1652 inimicitiis,
994 1608 1140 1659 saepe
1195 1590 1305 1639 fieri
1348 1590 1572 1642 divortia

114 1683 270 1740 atque
309 1671 617 1721 affinitatum
669 1670 880 1720 discidia
922 1671 1167 1721 vidimus:
1211 1672 1334 1722 haec
1379 1674 1570 1723 mulier

112 1747 231 1804 satis
269 1755 475 1803 firmum
510 1767 849 1804 accusatorem
890 1754 996 1804 filio
1025 1773 1115 1803 suo
1146 1754 1255 1805 fore
1308 1756 1569 1805 neminem

34 1839 340 1908 ymputavit,
388 1836 486 1887 nisi
541 1836 634 1905 qui
667 1835 724 1885 in
758 1834 1150 1886 matrimonium
1186 1853 1412 1888 sororem
1459 1838 1569 1888 eius

225 1947 263 1991 5.
293 1946 401 2002 quod
433 1947 507 1987 nisi
537 1952 641 1987 esset
748 1947 789 1989 6.
823 1954 869 1985 ut
898 1945 951 1986 ab
985 1944 1171 2000 improbo
1210 1947 1299 1986 viro
1411 1947 1452 1990 8.
1477 1962 1565 1988 sce-

221 2001 304 2044 lere
330 2004 442 2045 omni
579 2016 639 2042 ιῐ.
659 2003 877 2043 instrueret
982 2016 1043 2047 ια.
1084 2016 1134 2042 ac
1175 2010 1311 2042 noctes
1430 2004 1488 2045 13.
1517 2010 1565 2043 ut

222 2061 347 2099 istum
465 2057 525 2102 ιδ.
554 2060 691 2114 itaque
717 2059 826 2113 apud

201 2158 235 2196 Δ.
260 2159 433 2193 scelerata
459 2171 482 2207 q
626 2159 655 2192 5.
682 2157 710 2193 si
739 2159 823 2195 AB,
867 2159 905 2192 ni
936 2159 989 2198 νξ
1037 2158 1108 2192 nisi
1134 2160 1165 2194 R
1189 2160 1289 2205 vulg.
1442 2160 1474 2193 6.
1504 2157 1558 2206 ut]

107 2211 173 2240 aut
196 2204 674 2254 bedngkloqrstuv
769 2218 789 2239 a
814 2206 890 2240 viro
925 2205 1093 2250 improbo
1133 2207 1202 2240 AB
1258 2207 1304 2239 ab
1342 2205 1445 2251 impr.
1481 2207 1559 2240 viro

106 2254 137 2288 B
153 2255 184 2289 Ο
321 2258 353 2292 8,
378 2265 449 2300 quc
474 2264 530 2286 om
570 2251 751 2300 bedesg
764 2252 845 2292 ιῗεζ
950 2251 1070 2300 hoste]
1112 2252 1263 2287 honeste
1293 2263 1309 2286 ε
1443 2254 1559 2287 scele-

105 2312 188 2336 rum
248 2302 409 2334 omnium
436 2302 505 2336 AB
554 2302 688 2334 scelere
714 2302 812 2335 omni
841 2300 914 2336 RO
1066 2311 1116 2334 ιι.
1141 2305 1297 2334 strueret
1329 2301 1429 2335 ABo
1446 2303 1558 2343 αβεη

105 2347 305 2382 instrueret
326 2347 472 2394 Rvulg.
522 2347 597 2381 filio
623 2346 774 2381 insidias
802 2348 861 2386 Βξ
908 2360 947 2382 ac
971 2347 1070 2387 οηι.ξ
1146 2358 1197 2382 12.
1223 2353 1334 2393 atque
1356 2347 1428 2384 AB
1453 2345 1558 2383 codd.

105 2394 228 2431 Lamb-
299 2406 342 2431 ac
366 2396 440 2430 Ro
514 2399 609 2428 totas
640 2393 1404 2444 bcdesghklpqrstuvwoessyd'egq
1505 2398 1556 2431 13.

105 2441 209 2476 illum
224 2444 427 2490 Hpraeter
450 2443 606 2487 imnof
623 2442 770 2482 αὸεζκ
785 2450 819 2488 μ’
864 2442 971 2477 istum
999 2443 1028 2476 R
1056 2442 1136 2481 λνξ
1162 2453 1260 2491 seqq.
1343 2444 1392 2487 14.
1408 2452 1557 2475 accusa-

104 2491 220 2525 torem
242 2501 310 2528 om.
334 2489 365 2525 B
469 2492 518 2524 ¹5.
546 2488 773 2538 muneribus]
800 2490 1041 2524 muliebribus
1070 2491 1363 2537 ᾳαβεηθικμ
1377 2500 1426 2522 νο
1475 2500 1556 2522 mu-

103 2534 257 2571 liei-ibus
279 2549 315 2571 w
373 2536 611 2571 mnnebribus
639 2536 686 2571 kl
830 2538 878 2571 16.
911 2539 962 2571 ita
993 2542 1089 2582 qumi
1117 2539 1160 2569 Il
1188 2535 1389 2582 pr.svw;
1412 2536 1491 2570 Pac.
1522 2549 1554 2574 α.

103 2580 231 2628 itaque
259 2582 358 2630 qnod
383 2584 402 2623 ξ
478 2586 603 2630 iraque
628 2585 657 2619 R
684 2584 783 2628 vulg.
931 2587 981 2620 18.
1008 2583 1221 2617 affinitatem
1249 2582 1279 2616 B
1343 2582 1507 2616 infimum
1532 2595 1554 2617 ο

102 2637 244 2679 prstu
265 2631 358 2667 Pall.
384 2632 566 2680 plerique,
593 2643 617 2663 cc
665 2631 702 2664 in
731 2627 835 2663 fl'nem
866 2643 966 2679 nqv
1030 2629 1193 2662 affinium
1221 2630 1270 2669 Ξς
1351 2629 1502 2663 dissidia
1529 2644 1554 2678 q

105 2674 459 2724 ναγδεζηκλμν
528 2677 684 2716 vidimus
711 2676 1446 2725 ABbcdefghiktydaegqxaffivn
1495 2679 1553 2713 vi-

106 2723 232 2758 demun
257 2725 474 2772 Βαβξρστ
