1846 3178
637 231 640 233 ,
689 178 932 220 cm‘rmA.
1434 179 1526 250 175

162 319 231 348 ,ω
255 317 303 347 eo
320 299 523 359 fautore]
598 301 722 355 Quod
751 316 872 344 nemo
910 315 957 343 ex
995 301 1087 342 cod.
1124 299 1168 342 S.
1198 300 1393 351 Victoris,
1433 312 1530 341 sua-

78 376 201 420 dm
223 373 450 425 Lmhino,
477 373 772 415 restituendum
799 373 912 415 duxit
934 405 946 424 ,
980 371 1022 414 id
1051 387 1159 414 nunc
1186 379 1419 412 nostrorum
1459 388 1528 413 co-

77 447 478 491 dinumsnuctoritate
505 453 616 486 extra
646 446 942 488 dubitationem
970 446 1147 502 positum
1175 451 1249 485 est.
1294 444 1397 495 Quis
1422 446 1531 485 enim

76 521 230 563 diutins
257 519 516 561 manifestum
542 519 807 560 mediocrium
836 520 1036 560 librorum
1073 531 1251 560 errorem
1286 516 1415 558 serat:
1456 531 1530 556 aa·

74 596 211 633 doen?
243 591 327 644 Qui
355 591 523 632 tandem
551 592 669 634 iudex
698 593 746 643 is,
777 595 848 648 qui
876 592 1020 647 cupide
1047 606 1163 632 reum
1191 589 1380 642 absolvit,
1391 596 1532 629 auctor

76 664 164 706 eius
191 678 217 706 a
244 665 355 706 bono
386 666 584 719 scriptore
608 662 768 703 dicatur
784 667 804 703 ’ἒ
859 663 1079 704 Contendit
1105 665 1271 718 quidem
1300 663 1382 704 hoc
1411 663 1534 712 Grae7

73 737 183 788 vius,
211 736 328 778 nullo
354 736 477 777 modo
498 735 698 792 probavit.

194 823 255 852 12.
294 808 394 849 Iam
426 810 499 848 hoc
524 823 604 849 non
631 807 840 863 ignoratis]
916 806 1088 863 Negatio
1118 808 1164 848 h.
1195 807 1225 848 l.
1254 815 1340 848 tam
1379 809 1534 850 incerta

75 883 323 924 auctoritate.
353 881 560 922 nitebatur
578 913 591 933 ,
632 889 678 922 ut
718 881 918 922 Graevius
938 880 1014 920 ¹*de
1039 895 1086 921 ea
1111 879 1282 920 delenda
1310 883 1531 935 cogitaret,

75 954 136 996 illi
161 955 274 996 enim
300 955 561 1009 interrogatio
588 953 684 994 huic
722 953 812 994 loco
842 953 953 993 haud
994 952 1125 993 aliena
1163 966 1248 993 esse
1291 952 1531 997 videbatur:

74 1026 416 1082 quemadmodum
444 1027 486 1066 in
515 1033 650 1067 vetere
680 1025 855 1065 editione
874 1025 1092 1066 Basileensi
1121 1039 1260 1065 revera
1291 1026 1536 1066 constitutus

77 1103 165 1138 est:
194 1095 265 1136 sed
289 1097 460 1148 nemini,
493 1103 610 1150 puto,
639 1095 920 1150 persuadebit,
952 1096 1191 1136 Ciceronem
1221 1104 1377 1151 gratam
1404 1106 1534 1139 meta-

74 1169 247 1224 phoram
265 1195 278 1220 ,
314 1182 396 1222 qua
436 1167 600 1230 leviter.
621 1174 662 1207 et
699 1167 901 1222 eleganter
939 1168 1182 1208 adumbrata
1210 1169 1262 1208 ad
1289 1184 1376 1210 rem
1406 1171 1534 1226 ipsam

74 1252 358 1296 progressurus
387 1246 498 1291 erat,
528 1239 675 1294 insigni
704 1239 881 1294 quodam
926 1239 1072 1280 affectu
1108 1240 1354 1293 protulisse,
1401 1242 1535 1297 qualis

73 1310 379 1366 interrogationi
404 1313 589 1367 proprius
615 1319 690 1352 est.
735 1312 976 1367 Opportune
1005 1321 1141 1354 autem
1159 1316 1396 1369 gravissima
1414 1316 1534 1361 codd.

74 1390 314 1423 nostrorum
353 1387 570 1426 auctoritas
611 1386 838 1437 intercedit,
879 1400 984 1439 quae
1025 1387 1147 1426 etiam
1177 1389 1322 1428 ceteris
1346 1388 1538 1431 omnibus

74 1456 407 1498 dissentientibus
421 1485 434 1509 ,
476 1463 658 1510 receptae
696 1457 918 1511 scripturae
955 1456 1076 1497 fidem
1103 1458 1198 1498 satis
1226 1459 1458 1500 confirmat.
1480 1483 1536 1507 -,-

75 1527 221 1583 Neque
260 1529 396 1569 minus
433 1530 704 1569 necessarium
735 1535 795 1568 est
816 1558 827 1577 ,
876 1528 987 1583 quod
1017 1543 1109 1569 mox
1136 1531 1344 1571 novissimi
1370 1532 1537 1575 demum

73 1601 250 1643 editores
291 1617 338 1643 ex
379 1616 462 1656 mg.
506 1601 610 1642 Cod.
645 1602 688 1642 S.
730 1602 907 1641 Victoris
951 1611 1211 1656 receperunt:
1255 1606 1426 1644 monitae
1461 1619 1538 1659 pro

71 1673 238 1730 vulgato
275 1675 526 1726 dominante,
566 1674 677 1731 quod
705 1675 854 1714 frustra
882 1675 1004 1715 variis
1032 1675 1273 1716 coniecturis
1324 1683 1534 1718 tentatum

75 1753 179 1787 erat.
238 1746 346 1788 Nam
386 1747 513 1788 verba
533 1748 656 1801 fizme
695 1747 931 1787 dominante
969 1746 1074 1787 nihil
1115 1747 1227 1788 aliud
1266 1750 1343 1790 nisi
1375 1757 1537 1804 tempus

74 1821 303 1860 communis
346 1821 528 1861 omnium
572 1820 732 1875 inopiae
774 1820 1015 1872 indicarent,
1043 1835 1125 1875 qua
1152 1829 1356 1876 grassante
1386 1823 1539 1867 bestiae

77 1906 241 1947 quoque
279 1892 647 1948 compellerentur:
694 1892 764 1932 sed
799 1891 904 1932 nihil
932 1891 1012 1932 hoc
1053 1893 1107 1933 ad
1144 1908 1232 1934 rem
1250 1925 1262 1944 ,
1306 1895 1379 1934 ubi
1417 1896 1539 1936 unice

76 1963 300 2005 bestiarum
330 1965 593 2015 consuetudo,
622 1965 946 2021 quandocunque
972 1965 1100 2007 fames
1130 1981 1196 2007 eas
1218 1976 1436 2024 premeret,
1467 1968 1539 2008 de-

77 2037 291 2078 scribenda
318 2045 418 2078 erat.

190 2107 273 2163 48,
305 2124 346 2166 9.
377 2112 450 2167 qui
490 2112 538 2151 id
560 2109 712 2165 efficere
733 2109 879 2167 possit]
935 2110 1068 2151 Satius
1106 2111 1310 2164 duximus,
1337 2112 1538 2153 librorum

78 2195 350 2235 consensum,
394 2199 516 2239 quam
559 2183 768 2239 vulgarem
797 2185 1152 2239 grammaticorum
1180 2201 1367 2226 normam
1398 2185 1536 2240 sequi}

77 2269 299 2311 nunquam
326 2263 438 2297 certo
467 2255 658 2297 affirmari
687 2263 818 2311 potest
838 2258 879 2296 in
907 2258 1182 2312 propositione
1209 2258 1416 2313 pendenti,
1456 2254 1538 2313 qua

78 2330 276 2368 sententia
305 2328 517 2368 cuiusdam
546 2330 792 2378 continetur,
825 2337 1025 2383 quantum
1056 2330 1140 2370 eius
1168 2338 1330 2381 mente,
1375 2331 1444 2385 qui
1473 2330 1538 2370 lo-

77 2399 233 2455 quitur,
275 2407 340 2440 aut
386 2403 486 2450 eius,
529 2403 642 2441 cuius
680 2403 879 2441 sententia
908 2401 1103 2453 affertur,
1133 2402 1288 2443 dictum
1320 2406 1399 2443 sit:
1431 2403 1476 2442 h.
1508 2401 1539 2443 l.

80 2470 114 2512 si
142 2470 292 2512 Staieni
320 2473 455 2527 potius
483 2488 606 2528 quam
635 2473 841 2513 Ciceronis
862 2473 987 2514 verba
1016 2474 1135 2515 nobis
1163 2475 1304 2515 audire
1334 2475 1537 2530 videmur,

80 2543 232 2599 optime
263 2557 450 2598 praesens
478 2552 638 2599 tempus
670 2544 916 2585 defenditur.

189 2612 267 2670 49,
304 2614 344 2656 8.
383 2617 626 2655 miserrimus
668 2618 711 2655 in
747 2617 842 2655 locis
871 2616 940 2672 [et]
983 2617 1249 2674 inanissimis]
1332 2618 1535 2670 Duarum,

77 2699 184 2740 qnae
220 2685 264 2725 h.
294 2685 325 2726 l.
358 2687 610 2743 vulgantur,
645 2687 843 2728 scribendi
874 2690 1106 2741 rationum,
1143 2691 1258 2745 (aut:
1291 2693 1535 2733 nzziserrimm

77 2765 118 2797 ec
154 2757 404 2798 inanissimus
422 2789 434 2812 ‚
479 2761 615 2800 eiectis
657 2760 811 2801 verbis.
847 2761 890 2802 in
934 2762 1056 2814 loc1·s;
1096 2771 1191 2805 aut:
1229 2765 1468 2807 miserrimis
1495 2766 1538 2806 in
