1846 3178
0 707 2 709 -
50 689 59 714 l

589 189 702 229 PRO
747 188 802 229 A.
832 187 1130 229 CLUENTlo.
1514 187 1540 239 5
1554 207 1569 238 1

145 291 432 373 (howeiiim
465 310 560 360 sibi
593 312 822 361 Staienus
854 328 1130 380 cognomen
1152 327 1224 358 ex
1273 309 1577 376 imaginibus

144 392 415 452 Aeliorum.
446 392 726 461 delegerat,
773 412 864 454 ne,
908 395 949 444 si
996 412 1045 444 se
1093 393 1328 461 Ligurem
1373 391 1574 450 fecisset,

145 473 366 525 nationis
398 475 576 542 magis,
613 494 768 542 quam
803 476 995 543 generis
1040 475 1119 524 uti
1166 474 1462 543 cognomine
1508 475 1577 523 vi-

144 552 546 623 deretur3)„qua
581 555 643 604 de
675 573 730 605 re
763 575 962 606 mecum
995 559 1192 606 locutus
1226 574 1285 615 es,
1321 569 1578 624 quaerunt

108 643 191 686 &a
187 654 301 696 me,
334 637 426 686 ubi
459 639 524 688 sit
555 639 803 708 pecunia}
805 639 946 688 ‘Hic
981 639 1067 686 ille
1100 639 1282 706 planus
1317 638 1580 707 improbis-

143 717 312 781 simus,
348 733 560 788 quaestu
599 720 866 770 iudiciario
890 733 1072 788 pastus,
1098 721 1190 787 qui
1216 720 1291 767 illi
1318 722 1576 788 pecuniae,

145 819 302 868 quam
327 801 636 858 condiderat,
666 819 752 873 spe
784 803 884 851 iam
905 815 1058 869 atque
1092 802 1262 851 animo
1297 802 1577 865 incubaret3

150 883 410 934 contrahit
456 885 701 935 frontem:
759 883 1116 948 (recordamini
1171 884 1374 940 faciem,
1424 897 1580 952 atque

146 965 259 1015 illos
291 967 399 1015 eius
433 967 572 1015 fictos
603 967 963 1033 simulatosque
997 968 1214 1027 vultus:)
1261 967 1497 1033 queritur
1529 985 1578 1016 se

96 1048 219 1099 mah
242 1047 528 1117 Oppianico
563 1047 886 1098 destitutum:
923 1062 974 1098 et
996 1085 1007 1105 ‚
1061 1048 1151 1116 qui
1196 1062 1318 1098 esset
1353 1062 1486 1099 totus
1518 1067 1578 1098 ex

143 1127 324 1197 §raude
356 1141 408 1180 et
439 1130 702 1181 mendacio
737 1132 908 1190 factus,
945 1132 1140 1199 quique
1173 1150 1228 1180 ea
1264 1133 1409 1190 vitia,
1445 1145 1578 1199 quae

143 1230 173 1261 a
214 1225 398 1262 natura
436 1212 690 1274 habebat,
746 1215 899 1264 etiam
931 1216 1112 1271 §tudio
1161 1228 1314 1282 atquc
1362 1214 1578 1262 artificio

71 1335 74 1339 ,
143 1293 367 1362 quodam
402 1296 626 1345 malitiae
649 1297 955 1356 condivisset,
980 1299 1193 1366 pulchre
1215 1309 1455 1347 asseverat
1477 1306 1578 1344 sese

73 1411 78 1416 ·
143 1378 209 1426 ab
225 1378 475 1447 Opianico
510 1378 832 1429 destitutum:
867 1391 1020 1445 atque
1054 1378 1149 1426 hoc
1183 1378 1326 1427 addit
1361 1379 1581 1427 testimo-

97 1459 246 1517 15nii‚
277 1459 367 1508 sua
401 1460 552 1508 illum
584 1458 846 1513 sententia,
881 1477 1045 1525 quum
1088 1459 1258 1527 palam
1305 1475 1476 1507 omnes
1509 1458 1580 1505 la-

147 1541 251 1590 turi
284 1554 474 1600 essent,
510 1541 904 1591 condemnatum
938 1540 1017 1588 iri.

275 1625 512 1672 Manarat
541 1641 702 1672 sermo
725 1623 780 1670 in
808 1623 1030 1678 consilio,
1049 1621 1293 1689 pecuniae
1319 1619 1580 1687 quandam
1615 1623 1678 1676 27

142 1703 455 1754 mentionem
489 1705 624 1753 inter
655 1704 844 1754 iudices
878 1722 976 1753 esse
1022 1717 1278 1752 versatam.
1359 1706 1452 1752 Res
1496 1721 1581 1751 ne-
1609 1694 1661 1746 75

142 1803 244 1853 que
279 1798 382 1835 tam
424 1786 592 1836 fuerat
637 1788 855 1846 occulta,
897 1805 1052 1854 quam
1100 1798 1209 1834 erat
1257 1783 1586 1834 occultanda:

95 1882 319 1935 seneque
353 1881 458 1918 tam
490 1881 601 1918 erat
633 1881 834 1937 aperta,
877 1888 1034 1936 quam
1080 1868 1393 1936 reipublicae
1439 1884 1588 1916 causa

147 1949 436 2021 aperienda.
458 1954 520 1999 In
553 1968 609 1999 ea
644 1951 947 2000 obscuritate
981 1969 1038 1999 ac
1072 1950 1392 1999 dubitatione
1427 1950 1590 1998 omni-

144 2051 248 2092 um,
284 2034 556 2092 Cannutio,
598 2034 761 2102 perito
797 2034 1008 2091 homini,
1043 2034 1134 2101 qui
1170 2031 1391 2100 quodam
1435 2030 1589 2080 odore

145 2115 443 2184 suspicionis
472 2116 732 2166 Staienum
764 2130 1064 2186 corruptum
1098 2134 1194 2165 esse
1232 2115 1466 2169 sensisset,
1502 2131 1587 2162 ne-

147 2213 250 2264 que
295 2196 423 2247 dum
482 2217 593 2249 rem
650 2200 924 2268 perfectam
976 2201 1338 2257 arbitraretur,
1391 2197 1586 2266 placuit

254 2338 295 2378 5.
332 2341 457 2394 magis
487 2354 598 2390 suae,
629 2354 751 2394 quam
879 2340 939 2382 13.
972 2355 1013 2379 se
1040 2340 1091 2379 ab
1216 2339 1276 2379 15.
1304 2351 1426 2392 quam
1453 2336 1586 2391 palam

241 2468 273 2492 2.
302 2458 458 2497 aliorum
479 2461 546 2494 AB
611 2461 773 2494 Aliorum
802 2471 826 2492 α
894 2461 1021 2497 fecisse
1046 2461 1076 2493 Β
1171 2462 1202 2494 3.
1225 2461 1346 2503 magis,
1374 2469 1481 2504 quam
1504 2459 1535 2491 A
1557 2457 1587 2490 B

149 2505 260 2558 nagit
295 2516 396 2548 suae,
427 2518 535 2553 quam
567 2508 598 2542 R
625 2509 653 2541 Ο
808 2518 943 2553 quaeru
946 2506 1000 2587 ηδ]
1073 2508 1252 2553 quaesivit
1283 2506 1355 2540 AB
1458 2507 1488 2540 5.
1510 2505 1589 2549 pla-'-

149 2550 232 2584 nius
258 2551 343 2586 Rhe
443 2554 554 2598 plane
578 2553 956 2601 defghikmnovy
1085 2555 1234 2599 plancus
1262 2557 1289 2585 ¹}
1427 2553 1460 2586 6.
1487 2550 1589 2595 judi-

151 2597 248 2630 cario
274 2599 304 2632 B
441 2605 473 2645 7,
498 2612 560 2645 spe
585 2613 650 2634 om.
673 2602 702 2634 13
803 2612 866 2647 spe
894 2608 1005 2647 atque
1028 2603 1147 2635 animo
1172 2602 1241 2643 jam
1291 2611 1314 2631 α
1332 2608 1349 2631 ε
1471 2610 1521 2632 12.
1551 2595 1586 2644 a]

151 2642 196 2676 ab
221 2643 288 2678 Bd
333 2659 392 2693 op
409 2656 570 2694 νειιιμ
702 2650 753 2686 13.
780 2649 1002 2682 condidisset
1026 2649 1095 2682 AB
1225 2657 1301 2680 sese
1329 2644 1430 2680 ABb
1457 2647 1589 2687 (00'7')

151 2696 190 2724 ‘ne
247 2691 277 2725 R
395 2694 443 2738 14.
482 2695 702 2729 destinatum
727 2708 758 2742 μ
823 2697 872 2733 15.
896 2706 1005 2741 quum
1047 2689 1590 2740 ABadefghklmnopr-si

150 2735 272 2777 Ιι’ῡΝΫζ
351 2751 456 2785 qnam
483 2742 634 2789 bciqw
662 2743 759 2788 vulg
862 2756 912 2788 ³9·
939 2756 980 2776 oc
963 2743 1115 2775 ccultata
1144 2744 1161 2781 ξ
1266 2750 1318 2774 20.
1345 2746 1414 2771 tran
1440 2741 1493 2771 ὄπι
1531 2750 1588 2771 aaz

151 2786 423 2831 21.aperiunda
447 2789 478 2822 B
573 2792 626 2823 23.
655 2790 867 2835 suspicionis
893 2790 1002 2823 odore
1028 2799 1077 2822 αε
1173 2786 1350 2834 24.du1u]
1383 2792 1458 2819 tum
1484 2795 1542 2819 οπ
