1846 3178
613 123 726 162 PRO
760 121 815 161 A.
846 121 1152 161 CLUENTm.
1536 129 1597 193 67

155 246 550 299 nontiactatione
577 246 830 315 populari,
865 244 952 296 sed
986 245 1234 312 dignitate
1267 259 1420 313 atque
1455 246 1601 297 inno·

152 327 318 379 centia
369 329 674 387 tuebantur,
724 343 891 378 tamen
935 346 1029 378 nec
1074 331 1124 378 P.
1159 328 1387 397 Popilius
1432 347 1599 396 neque

150 406 214 472 Q.
248 409 505 466 Metellus,
541 412 803 461 clarissimi
840 411 934 460 viri
969 424 1124 478 atque
1151 410 1458 479 amplissimi,
1495 412 1598 461 vim

152 491 484 541 tribuniciam
522 493 768 542 sustinere
810 505 1118 562 potuerunt:
1155 493 1343 541 nedum
1367 494 1444 542 his
1476 506 1596 543 tem-

121 574 378 643 Βρυτίδας,
417 574 493 624 his
527 575 775 634 moribus,
810 575 891 624 his
927 575 1322 641 magistratibus,
1369 576 1476 624 sine
1510 594 1593 625 ve·

139 667 242 706 stra
275 657 522 726 sapientia
558 676 616 706 ac
651 659 760 707 sine
808 657 1118 705 iudiciorum
1166 657 1418 715 remediis,
1469 658 1591 707 salvi

138 753 238 787 esse
269 740 526 808 possimus.
593 742 707 790 Non
740 740 842 789 fuit
888 740 1045 806 igitur
1077 738 1209 787 illud
1233 739 1484 789 iudicium
1510 740 1587 790 iu·-
1614 744 1669 800 96

138 817 261 870 dicii
293 822 482 882 simile,
519 822 730 880 iudices,
769 840 872 870 non
894 822 1020 881 fuit3
1057 822 1111 869 in
1146 839 1250 887 quo
1274 840 1378 870 non
1410 821 1589 873 modus

134 904 274 954 ullus
298 916 370 954 est
391 904 666 963 adhibitus,
703 922 807 953 non
842 920 948 951 mos
982 901 1401 969 consuetudoque
1426 920 1588 953 serva-

83 998 209 1046 tota,
246 1006 351 1037 non
385 1004 532 1036 causa
556 986 769 1036 defensa.
838 986 928 1036 Vis
956 986 1043 1035 illa
1079 986 1202 1042 fuit,
1236 998 1308 1045 et,
1345 997 1404 1034 ut
1439 1002 1585 1054 saepe

131 1067 233 1118 iam
257 1068 389 1125 dixi,
423 1071 574 1119 ruina
597 1069 847 1138 quaedam
870 1082 1024 1136 atque
1050 1082 1324 1139 tempestas,
1361 1081 1412 1118 et
1429 1068 1581 1137 quid-

126 1149 200 1198 vis
236 1151 425 1218 potius,
473 1170 629 1219 quam
692 1151 943 1200 iudicium
999 1164 1090 1200 aut
1135 1150 1430 1218 disceptatio
1485 1164 1576 1202 aut

125 1231 367 1298 quaestio.
435 1231 630 1296 Quodsi
665 1232 780 1299 quis
814 1245 897 1291 est,
933 1232 1025 1299 qui
1061 1230 1193 1279 illud
1213 1232 1466 1283 iudicium
1493 1234 1573 1284 fu-

42 1350 47 1353 <
122 1311 214 1362 isse
246 1313 540 1372 arbitretur,
575 1325 625 1363 et
657 1314 750 1380 qui
787 1313 864 1361 his
894 1313 1045 1361 rebus
1065 1311 1299 1362 iudicatis
1332 1314 1575 1365 standum

73 1400 297 1463 :Sputetz
333 1395 374 1444 is
409 1408 577 1445 tamen
615 1395 749 1444 hanc
782 1413 984 1444 causam
1017 1396 1082 1443 ab
1118 1395 1205 1443 illa
1232 1395 1382 1445 debet
1405 1397 1574 1446 seiun-

122 1494 250 1545 gere.
318 1478 396 1527 Ab
431 1477 520 1526 illo
553 1476 721 1536 enim,
760 1476 860 1525 sive
894 1476 1034 1543 quod
1068 1477 1123 1526 in
1159 1478 1317 1544 legem
1354 1497 1458 1528 non
1494 1480 1572 1528 iu-

121 1571 296 1620 rasset,
331 1559 432 1609 sive
464 1559 604 1627 quod
637 1577 693 1607 ex
730 1560 836 1626 lege
867 1559 1168 1608 subsortitus
1203 1559 1427 1608 iudicem
1463 1579 1569 1611 non

118 1653 266 1700 esset,
316 1641 479 1692 multa
512 1641 670 1710 petita
705 1658 803 1689 esse
845 1639 1052 1689 dicitur.
1136 1642 1360 1689 Cluentii
1396 1655 1570 1693 autem.

118 1724 250 1774 ratio
283 1742 403 1774 cum
436 1724 538 1773 illis
571 1724 786 1791 legibus,
820 1724 1010 1790 quibus
1043 1741 1072 1771 a
1096 1723 1247 1772 Iunio
1282 1725 1445 1773 multa
1481 1742 1568 1793 pe-

59 1805 209 1857 antita
243 1819 329 1866 est,
364 1808 509 1856 nulla
543 1819 706 1882 potest
737 1823 797 1854 ex
828 1818 973 1874 parte
1006 1821 1104 1853 esse
1139 1804 1427 1854 coniuncta.
1495 1809 1561 1855 At
1591 1824 1640 1867 97

111 1889 251 1938 enim
285 1890 439 1940 etiam
471 1890 664 1938 Bulbus
695 1902 767 1938 est
801 1887 1178 1938 condemnatus.
1247 1886 1411 1944 Adde,
1457 1906 1561 1936 ma-

111 1969 324 2020 iestatis:
355 1984 416 2021 ut
449 1972 723 2040 intelligas,
757 1971 853 2020 hoc
887 1969 1141 2019 iudicium
1180 1987 1298 2017 cum
1333 1969 1423 2018 illo
1449 1986 1558 2020 non.

221 2154 262 2180 2.
297 2141 494 2195 Popillius
522 2156 595 2182 nec
707 2142 747 2181 3.
774 2147 894 2194 atque
922 2139 1155 2194 amplissimi
1190 2140 1266 2180 viri
1386 2137 1428 2177 8.
1465 2151 1555 2178 mo-

95 2196 185 2238 -dus
212 2204 272 2237 est
303 2197 466 2237 habitus
578 2211 643 2239 21.
673 2211 753 2237 om.
783 2199 904 2235 enim.

200 2353 232 2376 α.
260 2339 312 2388 Ρ.]
340 2341 379 2375 L.
408 2341 476 2375 AB
500 2341 539 2378 C.
563 2341 595 2375 R
629 2338 708 2374 edd.
735 2347 819 2373 ante
846 2338 1042 2372 Graevium
1090 2336 1252 2382 Popilius
1281 2332 1551 2379 Παδεζκμν

106 2386 281 2433 Popillius
306 2389 406 2434 vulg.
513 2398 631 2433 neque
661 2388 734 2421 AB
760 2397 826 2419 nec
850 2386 919 2419 Ro
1061 2387 1093 2420 3.
1119 2384 1186 2416 viri
1212 2387 1320 2428 atque
1346 2381 1452 2425 ampl.
1479 2382 1550 2434 ᾼΒ

106 2439 216 2479 atque
239 2436 351 2480 ampl.
374 2435 442 2467 viri
467 2436 538 2469 Ro
663 2436 696 2478 4.
723 2430 933 2478 potuerunt]
960 2432 1154 2465 valuerunt
1178 2439 1230 2462 αε
1364 2429 1394 2461 6.
1427 2437 1467 2458 ac
1494 2438 1550 2459 iu-

169 2481 178 2488 ”
1167 2488 1198 2521 7.
1225 2487 1297 2510 non
1335 2475 1445 2516 igitur
1477 2474 1548 2508 fuit

107 2480 282 2516 dimotum
322 2484 406 2523 mm.
433 2482 529 2525 sin&
564 2480 1033 2527 αόσηιᾳυναικλμνοπ

105 2535 158 2560 ae
218 2528 310 2562 illud
337 2530 445 2573 igitur
469 2529 539 2563 AB
654 2540 686 2571 9.
717 2528 811 2560 ullus
836 2524 918 2559 add.
947 2537 991 2559 ex
1014 2526 1097 2560 AB.
1217 2521 1403 2556 adhibitus
1429 2520 1548 2555 ΑΒΗ

103 2576 291 2609 maone).
331 2576 380 2614 ξο
474 2575 619 2609 habitus
644 2576 674 2609 R
697 2574 795 2619 vulg.
901 2585 949 2610 ιιι.
979 2574 1054 2620 aut]
1080 2576 1189 2617 atque
1214 2571 1243 2604 B
1368 2567 1415 2611 ¹4-
1443 2569 1544 2599 arbi-

104 2625 259 2655 traretur
289 2587 984 2669 ‘ltabedefghiklnprstuvwoe
1119 2620 1169 2654 16.
1196 2618 1289 2650 enim
1316 2614 1387 2648 sibi
1412 2614 1486 2647 sive
1512 2616 1543 2648 B

107 2678 146 2711 17
188 2678 208 2700 e
231 2668 308 2710 lege
332 2669 401 2703 AB
519 2671 567 2705 ¹8-
595 2670 740 2702 Cluenti
768 2669 797 2701 B
890 2664 1023 2712 autem]
1051 2671 1173 2701 tamen
1197 2676 1220 2705 ς
1245 2669 1321 2697 tum
1345 2673 1370 2696 α
1481 2672 1540 2696 21.

102 2714 200 2749 enim
226 2713 311 2754 add.
337 2727 382 2751 ex
408 2717 477 2750 AB
571 2714 694 2764 etiam]
721 2713 866 2762 enims
925 2725 992 2748 om.
1020 2711 1078 2747 hv
