1846 3178
320 155 380 218 78
923 151 1131 193 oRAT1o

1746 242 1756 264 ἱ

222 281 294 320 113
315 288 452 321 casse.
517 274 583 323 At
615 274 995 326 condemnarat:
1029 289 1081 325 at
1113 295 1310 327 causam
1346 291 1501 330 totam
1526 297 1632 329 non
1651 297 1740 346 au.-

311 354 499 404 dierat:
533 369 585 405 at
619 357 674 404 in
707 358 1033 407 concionibus
1065 378 1093 408 a
1127 362 1176 408 L.
1202 361 1444 423 Quinctio
1476 362 1738 411 vehemen-

311 450 386 486 ter
417 450 525 486 erat
557 449 606 485 et
638 453 780 503 saepe
814 450 1024 485 vexatus.
1080 439 1172 487 Illa
1208 441 1364 507 igitur
1386 442 1553 491 omnia
1575 441 1737 505 Quin.-

306 519 471 568 ctiana
507 519 707 583 iniqua,
742 517 885 575 falsa,
922 517 1239 579 turbulenta,
1273 523 1562 589 popularia,
1608 521 1733 572 sedi·

306 601 428 650 tiosa
462 599 650 648 iudicia
682 599 905 648 fuerunt.
972 602 1114 649 Esto:
1160 603 1327 669 potuit
1361 620 1457 652 esse
1489 604 1755 653 innocen85

304 683 522 730 Falcula.
558 685 665 730 Iam
698 699 813 748 ergo
847 681 1030 745 aliquis
1067 683 1412 750 Oppianicum
1438 685 1590 751 gratis
1612 704 1731 735 con·

303 762 580 813 demnavit:
617 763 716 811 iam
751 780 855 811 non
890 781 969 812 eos
1002 765 1180 813 Iunius
1213 766 1510 816 subsortitus
1527 780 1610 827 est,
1635 768 1728 834 qui

300 846 518 913 pecunia
552 857 751 913 accepta
776 844 1196 895 condemnarent:
1233 847 1333 896 iam
1355 849 1523 917 potuit
1544 850 1729 918 aliquis
1779 853 1794 865 “

301 929 365 976 ab
398 928 545 976 initio
582 946 685 976 non
718 927 912 986 sedisse,
963 941 1012 977 et
1047 941 1212 978 tamen
1247 931 1590 998 Oppianicum
1618 948 1728 998 gra-

301 1010 363 1058 tis
407 1007 767 1057 condemnasse.
852 1011 1076 1066 Verum,
1129 1009 1168 1057 si
1221 1009 1462 1059 innocens
1504 1011 1778 1070 Falcula,1o

297 1108 500 1158 quaero,
534 1091 647 1156 quis
669 1090 969 1149 sit‚nocens?
1000 1091 1040 1138 si
1074 1090 1158 1138 hic
1182 1092 1333 1157 gratis
1357 1091 1725 1151 condemnavit,

295 1173 411 1239 quis
454 1171 679 1238 accepit?
755 1173 888 1237 Nego
936 1189 1042 1219 rem
1087 1189 1183 1220 esse
1236 1174 1395 1222 ullam
1437 1174 1492 1223 in
1529 1191 1724 1241 *quem-

293 1273 449 1322 quam
498 1254 707 1302 illorum
762 1254 1031 1311 obiectam,
1076 1272 1207 1321 quae
1252 1254 1570 1305 Fidiculanio
1615 1275 1722 1308 non

293 1334 488 1383 obiecta
531 1333 594 1381 sit
608 1355 622 1394 3
682 1332 879 1399 aliquid
914 1332 1060 1381 fuisse
1103 1334 1157 1382 in
1205 1334 1512 1384 Fidiculanii
1560 1355 1718 1398 causa,

202 1428 275 1482 ¹¹4
295 1414 434 1482 quod
466 1414 597 1462 idem
634 1432 739 1462 non
772 1426 892 1462 esset
925 1414 979 1462 in
1014 1428 1307 1464 ceterorum.
1374 1419 1478 1466 Aut
1513 1417 1610 1467 hoc
1643 1419 1773 1468 iu—15

294 1496 487 1545 dicium
520 1494 855 1564 reprehendas
889 1507 968 1553 tu,
1008 1496 1151 1544 cuiu's
1183 1498 1430 1547 accusatio
1460 1498 1611 1555 rebus
1643 1500 1721 1551 iu-

293 1577 470 1627 dicatis
503 1578 790 1634 nitebatur,
824 1594 1015 1625 necesse
1050 1591 1144 1626 est:
1179 1592 1293 1637 aut,
1333 1581 1372 1629 si
1416 1581 1512 1630 hoc
1543 1598 1720 1634 verum

290 1676 389 1708 esse
432 1657 660 1707 concedis
682 1696 695 1717 ,
744 1658 1088 1726 Oppianicum
1134 1658 1283 1727 gratis
1325 1662 1720 1713 condemnatum.

291 1758 392 1791 esse
418 1740 617 1789 fateare.

420 1823 744 1889 Quamquam
775 1821 890 1870 satis
934 1838 1114 1890 magno
1147 1835 1445 1889 argumento
1489 1840 1586 1873 esse
1633 1823 1768 1874 de-ao

289 1904 404 1964 het,
437 1902 579 1972 quod
609 1920 669 1952 ex
704 1916 805 1953 tam
838 1905 1011 1954 multis
1045 1904 1317 1964 iudicibus,
1354 1905 1581 1956 absoluto
1604 1907 1714 1956 Fal-

405 2085 465 2110 11.
495 2085 661 2124 quaeso,
719 2074 810 2126 quis
837 2087 984 2112 nocens
1099 2072 1161 2125 14.
1188 2073 1340 2113 obiecta
1369 2087 1450 2113 non
1481 2075 1545 2122 sit,
1582 2088 1711 2129 neque

400 2126 550 2180 aliquid
666 2141 726 2180 17.
761 2129 833 2167 niti
868 2128 1078 2168 videbatur

384 2280 410 2302 1.
437 2273 473 2302 at
497 2269 598 2302 cond.
628 2289 668 2295 —
693 2281 723 2303 a.
749 2270 789 2304 L.
816 2282 878 2303 om.
908 2271 948 2305 B.
1044 2283 1075 2305 2.
1103 2271 1275 2314 Quinctio
1301 2271 1383 2304 trib.
1412 2271 1461 2316 pl.
1485 2272 1526 2307 A.
1607 2271 1639 2308 5.
1653 2271 1710 2304 iu-

288 2313 382 2347 dicia
407 2314 565 2362 fuerunt]
593 2315 841 2349 iudicaverunt
872 2318 941 2350 AB
1034 2320 1064 2351 6.
1100 2319 1213 2363 aliqui
1247 2319 1318 2352 AB
1410 2330 1443 2362 7.
1475 2315 1549 2394 eos}
1587 2328 1708 2350 omnes

288 2359 416 2394 Dresd.
555 2362 803 2396 condemnavit
842 2382 886 2387 —
924 2376 959 2408 9.
988 2365 1094 2407 gratis
1126 2377 1191 2397 om.
1221 2376 1253 2397 α.
1396 2367 1426 2399 8.
1454 2374 1520 2396 con
1550 2368 1710 2396 emnaret

287 2408 358 2440 AB
474 2407 607 2454 potuit]
637 2413 822 2454 putaretur
849 2409 951 2442 ABb
986 2414 1119 2454 (corr)
1262 2415 1457 2455 potuerunt
1481 2408 1558 2443 cod.
1589 2410 1708 2443 Lamh.

288 2454 400 2498 aliqui
437 2454 711 2500 ABhiprstu
737 2454 813 2488 cod.
837 2456 955 2488 Lanzb.
1080 2469 1127 2491 io.
1165 2456 1437 2490 condemnasset
1465 2456 1538 2489 AB
1658 2468 1708 2489 ιι.

288 2510 422 2543 quaero
448 2504 488 2533 Il
514 2506 675 2546 (pi-aecer·
703 2506 753 2544 νυ]
785 2503 878 2536 Pall.
906 2503 927 2546 4
969 2503 1028 2539 Fr.
1059 2515 1086 2537 ι.
1113 2502 1253 2547 γδεζη
1392 2512 1523 2547 quaeso
1548 2514 1580 2535 w
1603 2502 1706 2547 vulg.

289 2547 370 2589 quis
396 2547 460 2591 sit]
489 2548 551 2592 qui
579 2548 625 2580 sit
654 2549 721 2580 AB
838 2549 917 2593 quis
949 2550 1022 2583 ΒΟ
1121 2561 1166 2583 12.
1198 2548 1319 2594 ullam]
1345 2549 1412 2582 iam
1436 2559 1459 2579 α
1558 2549 1606 2580 13.
1633 2558 1709 2581 non.

289 2591 431 2625 obiecta
456 2595 504 2626 sit.
527 2595 595 2627 AB
642 2594 716 2637 obj.
739 2605 812 2628 non
836 2595 884 2628 sit
906 2595 975 2628 Ro
1058 2596 1106 2639 ¹4·
1124 2595 1262 2640 aliquid
1286 2595 1395 2628 fuisse
1422 2597 1467 2628 Π
1486 2599 1648 2640 (praeter
1665 2597 1707 2637 a)

289 2635 378 2681 γδζ
468 2650 585 2685 neque
612 2641 748 2685 aliquid
777 2641 886 2674 fuisse
912 2643 1232 2687 ααεκλμνοπρ
1319 2651 1410 2686 nego
1435 2639 1575 2686 aliquid
1596 2641 1707 2673 fuisse

289 2684 396 2722 ηξστ
494 2697 541 2728 ¹7·
566 2687 751 2720 nitebatur
783 2689 877 2726 AB}
958 2689 1068 2723 inniti
1095 2687 1283 2724 videbatur
1307 2696 1396 2722 ααε
1413 2700 1432 2729 η
1512 2687 1582 2721 niti
1607 2685 1707 2720 vide-

289 2727 395 2763 batur
417 2731 447 2765 Β
469 2732 568 2777 vulg.
661 2733 797 2781 verum]
827 2746 936 2768 unum
961 2747 984 2769 a
