1846 3178
658 181 663 224 5
697 149 934 190 cm‘rch.
1447 176 1532 225 ¹77

93 283 133 319 -.'.
184 282 270 328 inq.
298 273 466 314 anthime·
488 272 728 312 amar-us'”1·is
754 274 859 312 visus
886 281 967 321 esc,
998 273 1067 328 qui
1093 272 1253 327 aliquid
1281 286 1336 314 ex
1364 275 1447 317 eius
1459 289 1537 316 sets

89 354 204 389 nm
225 342 406 400 φοαιὶαε
434 341 703 397 degustarant]
739 343 805 382 Sic
834 343 997 383 demum
1035 344 1280 397 optimorum
1307 353 1536 387 nostrorum

89 412 226 458 qodd'„
253 427 331 468 ope
365 413 433 453 hic
477 413 602 462 locus,
646 428 766 468 quem
797 416 917 454 etiam
949 414 1082 454 minus
1114 413 1362 454 intellectum
1389 430 1526 457 omnes

88 485 145 531 d),
169 486 352 531 Raetiam
381 484 567 524 admirati
619 478 911 535 suntsveram
943 485 1071 525 lucem
1120 501 1234 526 suam
1271 493 1412 525 nactus
1459 494 1533 527 est.

85 553 246 605 Sulioet
283 568 329 595 ex
367 556 454 609 ipso
482 560 540 594 rei
570 556 676 595 exitu
701 558 796 595 satis
823 563 1015 609 apparet,
1044 556 1219 596 Bulbum
1247 571 1271 596 a
1296 557 1457 598 Staieno
1484 559 1527 598 in

85 623 207 674 lunius
243 627 393 681 negotii
431 627 555 680 partis
593 627 789 666 adscitum
820 626 917 666 alios
945 641 1105 680 quoque
1134 628 1308 678 iudices,
1337 629 1438 669 sicut
1465 629 1533 669 ille

85 706 323 752 rogaverat,
355 698 498 739 adiisse
525 706 564 738 et
591 706 785 739 ostentata
814 699 996 739 mercede
1024 707 1224 739 tentasse:
1254 701 1322 739 sed
1350 700 1459 754 quod
1487 715 1533 740 ex

84 767 165 809 fine
203 771 425 810 necessario
464 769 692 824 colligitur,
733 770 775 809 id
804 771 843 809 in
873 771 957 824 ipsa
986 773 1216 809 narratione
1244 786 1443 825 nusquam
1470 771 1534 811 di-

85 839 254 893 cebatur
272 856 285 882 ε
315 841 382 881 sed
416 841 565 881 verba:
597 843 729 897 itaque
757 843 789 880 is
817 843 921 880 visus
950 850 1006 880 est
1038 864 1081 871 -—
1112 842 1337 893 degas-[arat
1350 874 1360 891 ,
1391 857 1532 897 quem-

85 912 305 970 admodum
349 912 594 968 vulgantur,
647 911 748 952 nihil
776 914 849 951 nisi
883 921 1043 966 gratum
1078 911 1197 951 Bulbi
1228 915 1407 952 animum
1432 929 1531 968 pro-

83 990 174 1039 pter
211 998 323 1039 spem
350 985 426 1038 ipsi
467 985 676 1023 excitatam
713 983 957 1034 ostendunt,
999 997 1129 1036 neque
1157 985 1251 1022 satis
1280 984 1530 1039 intelligitur,

83 1053 183 1110 quid
217 1055 271 1096 nd
307 1055 529 1110 augendam
571 1058 654 1095 eius
694 1055 885 1095 laetitiam
925 1056 1074 1095 Guttae
1103 1056 1273 1095 accessio
1302 1056 1530 1098 contulerit.

83 1127 190 1167 Tum
232 1128 352 1167 etiam
389 1129 491 1166 mira
530 1127 633 1166 inest
673 1127 711 1166 in
745 1126 906 1181 vulgata
937 1128 1133 1182 scriptura
1165 1127 1319 1181 lepidae
1352 1130 1532 1183 imaginis

80 1195 358 1252 perturbatio:
389 1198 488 1252 quid
520 1199 662 1239 enim?
718 1198 872 1238 Bulbus
902 1199 991 1239 ideo
1023 1214 1104 1238 non
1130 1214 1290 1240 amarus
1319 1201 1425 1240 visus
1453 1209 1528 1254 est,

49 1270 51 1273 '
79 1253 190 1324 quod
230 1281 278 1308 ex
315 1282 500 1308 sermone
539 1269 687 1308 Staieni
717 1270 870 1323 aliquid
902 1270 1086 1323 speculae
1115 1270 1379 1323 degustarat?
1435 1273 1527 1313 lure

76 1344 279 1394 expectes,
308 1340 407 1379 alios
436 1354 480 1379 ex
514 1340 596 1393 ipso
629 1340 780 1393 aliquid
809 1340 1059 1394 degustasse,
1110 1342 1257 1395 quibus
1290 1357 1372 1382 non
1411 1357 1521 1384 ama-

76 1423 148 1449 rus
197 1409 325 1450 videri
358 1418 504 1464 posset.
578 1411 634 1450 At
663 1410 773 1449 nulla
814 1411 910 1450 haec
939 1419 998 1450 est
1026 1412 1234 1451 Ciceronis
1263 1413 1379 1467 culpa
1399 1444 1412 1464 ,
1454 1416 1523 1455 sed

76 1479 336 1521 librariorum
352 1510 364 1531 ,
394 1481 466 1535 qui
494 1481 618 1521 verba
645 1482 730 1521 eius
763 1482 906 1521 misere
933 1481 1214 1522 detorserunt:
1248 1486 1405 1538 scripsit
1424 1488 1520 1540 ipse,

76 1551 187 1606 quod
225 1550 426 1603 dedimus,
471 1566 554 1606 quo
593 1554 789 1591 sententia
842 1559 881 1590 et
930 1553 1061 1605 imago
1100 1555 1253 1607 egregie
1301 1557 1521 1598 iuvantur:

75 1623 218 1679 Itaque
250 1622 438 1678 (Bulbus,
467 1625 547 1670 cui,
571 1623 792 1665 ‚accedente
824 1624 964 1674 Gutta,
994 1625 1122 1663 maior
1151 1625 1248 1664 fides
1280 1626 1522 1682 habebatur)

75 1695 244 1736 mittime
279 1709 443 1735 ‹unat-us
485 1696 534 1734 iis
572 1696 678 1733 visus
723 1703 780 1733 est
799 1724 811 1744 ,
856 1695 926 1749 qui
967 1696 1126 1750 aliquid
1160 1711 1215 1736 ea:
1253 1699 1334 1736 eius
1365 1698 1525 1756 (Bulbi)

74 1781 252 1807 sermone
278 1769 462 1824 speculae
485 1767 743 1821 degustarant
769 1766 811 1806 h.
840 1781 876 1806 e.
906 1768 1046 1806 ceteris
1084 1768 1283 1808 iudicibus
1303 1800 1313 1817 ‚
1358 1772 1526 1823 quibus-

81 1852 177 1879 cum
212 1839 470 1893 oquebatur.
510 1861 566 1869 —-
636 1837 825 1877 Ceterum
875 1838 1102 1896 notandum*
1142 1846 1201 1878 cst
1225 1868 1237 1889 ,
1284 1842 1524 1894 scripturam

73 1913 286 1968 speculae,
329 1911 380 1951 de
406 1925 487 1965 qua
516 1917 606 1964 post
633 1910 876 1949 Lambinnm
916 1910 1116 1950 neminem
1157 1910 1362 1951 dubitasse
1404 1921 1517 1966 puto,

73 1997 196 2038 quam
215 1983 546 2037 paucissimorum
565 1982 761 2023 librorum
780 1982 858 2022 fide
876 1982 972 2021 niti:
995 1981 1196 2021 Florentt.
1212 1996 1348 2022 omnes
1365 1993 1522 2036 praeter

73 2054 272 2108 optimum
298 2069 366 2110 spe
389 2055 505 2107 gulae
533 2053 745 2093 exhibent:
777 2068 854 2092 vox
875 2055 958 2106 ipsa
989 2053 1108 2091 etiam
1144 2054 1186 2091 in
1211 2053 1342 2106 Epist.
1359 2055 1520 2096 Famm.

68 2123 147 2175 ll,
185 2125 248 2165 16.
277 2126 338 2167 ¹5.
377 2124 546 2177 legitur3
587 2125 752 2164 sortasse
780 2125 903 2177 petita
931 2137 977 2163 ex
1016 2122 1179 2162 Plauto.
1211 2125 1331 2168 Most.
1366 2126 1444 2179 111,
1481 2141 1517 2182 1,

78 2211 168 2254 μα.
197 2197 308 2238 Pers.
341 2197 395 2248 ΙΙ,
428 2196 470 2248 5,
501 2212 542 2252 9.
575 2197 664 2235 Cas.
696 2197 748 2246 11,
778 2194 820 2247 4,
855 2210 923 2250 27.

184 2282 252 2307 21.
277 2268 571 2324 placidissime:
601 2269 656 2306 sic
685 2266 831 2305 rectius
859 2265 1075 2316 scribitur,
1119 2279 1242 2319 quam
1276 2267 1385 2320 quod
1429 2269 1521 2310 vul-

71 2338 268 2394 gnbatur:
313 2340 328 2377 Ι
335 2339 575 2382 ἱαηιίιὶςείηιε,
636 2338 734 2377 Nam
769 2352 911 2377 revera
953 2339 1078 2377 iratus
1130 2338 1334 2392 placidum
1361 2341 1520 2382 vultum

71 2409 288 2451 simulabat
315 2410 482 2453 Bulbus.

156 2518 157 2522 ,
185 2483 231 2523 51
253 2513 266 2535 ,
297 2483 340 2523 3.
370 2483 547 2522 nacionis
574 2484 705 2536 magis
732 2498 850 2538 quam
878 2481 1050 2536 generis]
1118 2481 1259 2522 Dclcvi
1296 2494 1519 2537 pronomen

71 2566 168 2592 suae
193 2554 285 2606 post
318 2553 386 2593 vb.
417 2555 613 2603 nationis,
654 2552 935 2607 praeeuntibus
977 2553 1135 2606 optimis
1163 2556 1397 2610 codicibus,
1446 2573 1518 2598 ne-

73 2638 154 2678 que
190 2624 276 2664 sine
314 2625 458 2664 idonea
490 2639 635 2664 causa:
674 2639 757 2663 non
787 2625 892 2663 enim
922 2631 1007 2663 erat
1036 2626 1198 2664 natione
1236 2627 1361 2681 Ligur·
1387 2629 1516 2669 Staie-

73 2708 171 2747 nus,
197 2695 307 2750 qnod
335 2696 518 2737 nonnulli
547 2697 782 2738 intellexisse
811 2697 1014 2748 videntur,
1046 2697 1116 2736 sed
1143 2712 1284 2739 verum
1313 2702 1348 2739 ei
1376 2701 1519 2756 Liguri

1197 2791 1253 2822 12
