1846 3178
280 149 347 211 44
890 146 1100 187 ORATIO

280 266 549 328 maleficii?
599 259 852 338 numquid
887 282 1086 339 praeter
1116 287 1367 321 venenum
1401 270 1710 340 quaesitum,

279 366 382 417 quo
416 351 632 400 Habitus
673 363 962 409 necaretur,
1008 351 1259 402 obiectum
1301 353 1405 402 est?
1453 350 1710 420 numquid
1752 354 1757 357 ’

279 431 422 481 aliud
458 434 510 481 in
547 434 645 482 illis
679 433 881 482 iudiciis
909 447 1157 483 versatum
1189 447 1279 494 est,
1327 446 1525 500 praeter
1564 433 1711 498 hasce

279 511 484 562 insidias
497 514 682 563 Habito
706 515 770 563 ab
788 515 1070 583 Oppianico
1107 534 1197 584 per
1218 516 1508 565 Fabricium
1527 514 1710 565 factas?

280 594 429 654 nihil,
449 596 596 654 nihil,
617 596 841 664 inquam,
857 596 1012 659 aliud,
1034 597 1234 655 iudices,
1247 597 1511 666 reperietis.
1540 593 1736 645 Exstat5

280 678 549 725 memoria:
587 690 706 726 sunt
739 678 939 726 tabulae
966 677 1223 746 publicae:
1259 677 1500 744 redargue
1532 693 1636 735 me,
1668 675 1710 725 si

280 757 528 805 mentior:
582 758 783 806 testium
816 757 950 807 dicta
991 759 1165 806 recita:
1217 757 1361 816 doce,
1411 758 1468 807 in
1501 758 1711 807 illorum

282 838 487 888 iudiciis
531 839 697 908 quid,
742 853 941 908 praeter
984 839 1080 888 hoc
1121 856 1373 887 venenum
1417 837 1709 906 Oppianici,

281 937 389 968 non
423 920 573 970 modo
606 922 661 970 in
694 922 945 983 criminis,
995 920 1079 970 sed
1113 922 1169 969 in
1210 919 1464 969 maledicti
1509 922 1617 970 loco
1647 919 1713 970 sit

280 1001 547 1051 obiectum.
613 1003 911 1052 Multafdici
947 1015 1175 1072 possunt,
1222 1019 1380 1069 quare
1413 1002 1482 1051 ita
1519 1019 1764 1052 necesseio

276 1084 693 1148 fueritiudicari5
728 1085 814 1135 sed
845 1103 932 1153 ego
967 1103 1228 1134 occurram
1256 1083 1608 1152 exspectationi
1630 1100 1711 1133 ve-

275 1178 429 1225 strae,
479 1166 680 1214 iudices.
745 1167 897 1224 Nam,
945 1166 1034 1215 etsi
1068 1185 1096 1214 a
1130 1166 1267 1214 vobis
1296 1166 1365 1213 sic
1398 1163 1602 1222 audior,
1647 1175 1710 1213 ut

273 1266 557 1316 numquam
575 1248 843 1314 benignius
863 1265 1027 1314 neque
1046 1249 1285 1297 attentius
1302 1264 1608 1314 quemquam
1618 1248 1707 1294 aui

272 1327 440 1378 ditum
474 1343 675 1398 putem,
711 1342 880 1378 tamen
911 1343 1054 1379 vocat
1077 1349 1156 1379 me
1188 1330 1286 1378 alio
1314 1327 1609 1378 iamdudum
1635 1339 1710 1377 ta-

271 1409 371 1457 cita
406 1423 564 1459 vestra
590 1411 911 1478 exspectatio,
946 1428 1076 1478 quae
1093 1410 1221 1459 mihi
1246 1410 1454 1477 obloqui
1480 1409 1760 1461 videtur215

272 1490 415 1554 Quid
449 1493 599 1558 ergo?
651 1509 886 1559 negasne,
939 1491 1071 1540 illud
1113 1490 1364 1539 iudicium
1407 1503 1707 1559 corruptum

271 1574 401 1621 esse?
447 1574 561 1622 Non
596 1591 742 1640 nego:
788 1573 874 1622 sed
906 1574 969 1621 ab
1003 1573 1100 1621 hoc
1136 1585 1435 1640 corruptum
1469 1591 1574 1621 non
1609 1589 1706 1621 esse

271 1655 530 1704 confirmo.
595 1658 639 1704 A
671 1673 774 1721 quo
811 1655 968 1721 igitur
1001 1667 1072 1703 est
1107 1655 1437 1722 corruptum?
1486 1653 1704 1721 Opinor,

268 1736 496 1805 primum
513 1772 525 1795 ,
561 1737 600 1786 si
627 1738 879 1785 incertum
901 1736 1094 1793 fuisset,
1129 1736 1363 1802 quisnam
1384 1737 1543 1786 exitus
1566 1738 1705 1788 illius

268 1817 451 1867 iudicii
477 1819 682 1868 futurus
710 1830 853 1877 esset,
878 1817 1197 1866 verisimilius
1227 1830 1394 1867 tamen
1422 1831 1561 1878 esset,
1585 1837 1757 1873 eum20

267 1899 439 1967 potius
473 1901 774 1968 corrupisse,
809 1901 900 1967 qui
935 1898 1208 1956 metuisset,
1247 1916 1310 1947 ne
1344 1899 1447 1968 ipse
1472 1899 1704 1949 condem-

267 1993 496 2035 naretur,
533 2000 688 2047 quam
722 1982 894 2042 illum,
943 1981 1036 2049 qui
1068 1980 1256 2030 veritus
1289 1993 1429 2039 esset,
1479 1998 1543 2029 ne
1576 1981 1705 2030 alter

267 2061 633 2118 absolveretur:
663 2061 846 2111 deinde
874 2081 1037 2130 quum
1061 2073 1181 2110 esset
1208 2079 1312 2110 non
1326 2060 1553 2120 dubium,
1575 2062 1705 2130 quid

270 2140 484 2191 iudicari
520 2159 710 2193 necesse
743 2155 887 2203 esset,
928 2161 1046 2191 eum
1079 2155 1211 2191 certe
1244 2143 1434 2211 potius,
1481 2143 1573 2210 qui
1606 2142 1703 2192 sibi

376 2275 417 2370 14).
449 2275 653 2317 Fabricios
788 2275 851 2316 16.
883 2290 968 2316 esse
996 2282 1227 2330 corruptum
1353 2276 1421 2317 23.
1451 2274 1598 2315 nemini
1626 2274 1702 2314 du-

408 2346 489 2370 lum

364 2443 391 2464 ι.
420 2433 577 2475 praester]
602 2435 791 2476 praeturae
820 2442 844 2463 α
986 2432 1016 2467 3,
1042 2430 1140 2463 illius
1167 2429 1197 2462 B
1336 2427 1367 2471 4.
1395 2427 1599 2461 Fabricium
1625 2428 1700 2471 AB

267 2477 452 2511 Fabricios
481 2480 550 2513 Ro
667 2478 697 2511 5.
725 2478 877 2510 alterum
899 2476 994 2510 nihil
1018 2490 1082 2510 om.
1111 2473 1701 2554 deZJghl’klmnOvoeYJEC

267 2535 316 2564 ηι
410 2524 569 2569 inquam]
597 2534 765 2568 umquam
791 2527 836 2557 Π
853 2532 999 2570 praeter·
1023 2524 1111 2566 AB;
1143 2533 1199 2566 αγ
1238 2523 1314 2563 εξη
1453 2525 1596 2555 exstant
1624 2531 1701 2553 me-

265 2572 402 2604 moriae
429 2569 1055 2619 defghiklmnoprstudeg'
1158 2581 1190 2613 9.
1217 2568 1333 2602 locum
1358 2567 1428 2601 AB
1540 2579 1590 2602 12.
1617 2578 1702 2602 nam

266 2616 348 2663 etsi]
380 2628 460 2649 nam
489 2619 517 2651 si
538 2620 584 2651 Π
604 2625 751 2663 praeter·
774 2618 861 2661 ‚4133
892 2615 1009 2656 αδεζ
1131 2618 1179 2650 ¹6.
1205 2619 1357 2659 negatae
1382 2615 1411 2648 B
1493 2619 1702 2658 corruptum

266 2674 343 2696 esse
369 2664 435 2699 AB
483 2675 559 2697 osse
585 2670 788 2708 corruptum
810 2665 882 2697 Ro
1020 2675 1075 2698 20.
1098 2662 1292 2695 verisimile
1319 2672 1341 2693 α
1395 2671 1471 2694 esse
1498 2661 1533 2708 cj
1556 2660 1701 2694 Eram.

266 2721 321 2743 22.
353 2709 415 2744 iu«-
441 2711 508 2743 ΑΒ
603 2712 656 2746 23.
682 2721 756 2744 non
779 2711 846 2744 AB
892 2709 1029 2745 nemini
1053 2709 1082 2744 R
1106 2710 1135 2743 Ο
1180 2707 1282 2756 quid]
1309 2706 1407 2756 quod
1431 2705 1702 2754 abcdesghq

267 2768 311 2790 rc
326 2764 338 2789 t
354 2768 377 2791 u
391 2767 414 2789 v
426 2767 484 2802 κμ
