1846 3178
346 186 435 251 ¹78
869 177 1192 220 ADNOTATIO

339 313 560 354 cognomen
595 306 706 340 erat:
750 298 857 353 quod
895 313 946 338 ne
987 306 1147 353 propter
1175 305 1289 339 notas
1318 299 1439 352 ipsius
1470 298 1627 341 fraudes
1650 299 1760 342 ludl-

338 371 427 411 brio
444 370 494 410 ad
504 377 660 424 gentem
675 370 866 422 Ligurum
882 369 1124 420 traheretur,
1138 384 1258 423 quam
1270 370 1431 409 fallaciis
1443 369 1630 410 infamem
1642 370 1761 413 fuisse

339 442 499 483 Servius
519 447 686 479 testatur
701 439 750 477 ad
770 438 959 489 Aen-XI,
973 454 1011 480 v.
1030 440 1123 493 715.
1145 454 1236 480 cum
1251 439 1374 480 nobili
1386 441 1596 481 Paetorum
1614 455 1762 497 eogno-

338 512 445 550 mine
473 511 798 548 commutaveoat.
852 509 1091 548 Garatonius
1123 518 1262 548 verum
1289 510 1389 550 vidit
1417 520 1555 553 eontra
1579 512 1762 568 Sylvium

335 593 524 620 monens:
574 579 743 618 Natione
783 580 966 632 Ligurem
997 580 1096 618 hunc
1122 580 1272 631 sitisse:
1313 594 1460 622 necesse
1497 597 1576 623 non
1603 593 1673 626 est.
1703 607 1759 616 —-

336 652 492 704 Liguris
536 663 754 703 cognomen
790 648 912 687 habes
954 649 994 687 in
1035 655 1150 702 gente
1185 649 1355 689 Octavia
1381 649 1488 704 apud
1515 652 1600 692 Cic.
1632 651 1752 692 Verr-

337 720 430 761 Act.
466 722 518 763 II.
549 722 581 759 I.
615 735 649 763 c.
678 719 755 772 48:
786 719 848 757 M.
888 718 1077 757 Octavius
1104 717 1240 770 Ligur.
1637 714 1639 717 ’

444 812 483 857 5.
512 814 595 853 Hic
621 814 689 852 ille
709 811 870 868 planus]
940 812 1002 851 Ne
1030 811 1119 864 quis
1159 811 1202 849 h.
1234 811 1262 850 l.
1294 811 1608 853 dissentientium
1649 813 1760 854 eodi-

335 899 424 926 cum
462 899 629 925 numero
676 892 883 924 moveatur
904 914 916 935 ‚
962 883 1014 922 A.
1047 882 1222 922 Gellium
1270 883 1407 922 audire
1436 882 1578 923 sufficit
1604 885 1646 924 in
1673 884 1763 926 loco

336 958 387 996 ab
416 956 577 996 Oliveto
608 957 781 1009 primum
808 954 1021 1001 adnotato,
1052 952 1080 992 l.
1107 954 1232 1000 XVI,
1264 966 1314 1007 7²
1348 953 1522 994 Planum
1542 969 1624 1011 pro
1651 969 1762 1007 ³,ch-

329 1028 480 1082 pluznta
517 1027 677 1065 Marcus
715 1040 862 1081 quoque
911 1027 1044 1065 Cicero
1085 1027 1127 1064 in
1166 1027 1340 1065 oratione
1378 1027 1563 1082 scriptum
1589 1028 1760 1083 reliquit,

333 1111 450 1153 quam
473 1111 552 1151 pro
584 1096 756 1135 Cluentio
785 1096 907 1140 dixit.

449 1190 510 1229 15.
551 1204 668 1245 quum
699 1191 862 1244 palam.-
891 1190 947 1229 sic
973 1189 1088 1229 codd.
1122 1189 1325 1242 plerique;
1365 1189 1476 1242 vulg.
1519 1203 1643 1246 quam
1682 1204 1763 1245 pa-

334 1262 419 1300 lam
437 1290 449 1311 ‚
489 1261 573 1299 sine
610 1273 749 1299 sensu:
797 1259 997 1313 quomodo
1027 1261 1132 1298 enim
1161 1258 1212 1298 ad
1240 1274 1349 1299 suam
1376 1259 1420 1298 h.
1450 1274 1487 1298 e.
1515 1261 1636 1300 unius
1673 1261 1763 1300 Sta-

333 1333 414 1371 ieni
452 1331 682 1371 sententiam
715 1344 937 1384 pronomen
975 1330 1114 1369 referri
1163 1331 1290 1384 potuit
1309 1359 1321 1382 ,
1375 1330 1485 1384 quod
1531 1331 1584 1370 ad
1630 1346 1763 1373 omnes

334 1404 577 1458 pertineret?

449 1494 499 1535 52
520 1524 532 1546 ‚
568 1509 604 1533 1.
626 1494 779 1549 placuit
804 1500 958 1547 repente
982 1494 1259 1547 pronuntiari:
1286 1491 1510 1548 Dixemmt]
1558 1493 1634 1534 Hic
1653 1493 1762 1535 loeus

335 1567 379 1607 in
417 1565 616 1619 plerisque
654 1562 892 1603 editionibus
928 1576 1126 1601 vanorum
1157 1562 1518 1602 additamentorum
1547 1563 1652 1604 mole
1682 1566 1761 1605 im·-

334 1636 513 1691 peditus‚
559 1636 707 1688 largam
747 1632 977 1687 disputandi
1019 1635 1223 1672 materiem
1250 1633 1467 1685 praebebat
1495 1633 1594 1674 viris
1619 1634 1762 1687 doctis,

335 1707 480 1762 quibus
520 1707 681 1745 lacinias
734 1706 827 1743 istas
872 1703 1093 1743 rescindere
1144 1703 1369 1757 religiosum
1411 1704 1635 1746 videbatur.
1701 1707 1764 1747 De

335 1778 480 1832 quibus
511 1784 556 1816 ut
583 1779 667 1816 sine
695 1775 913 1828 cupiditate
942 1774 1161 1821 iudicetur,
1193 1775 1437 1813 monendum
1465 1783 1538 1827 est,
1568 1790 1619 1816 ne
1637 1791 1764 1817 unum

299 1851 301 1853 ’
335 1848 496 1902 quidem
539 1847 720 1886 codicum
751 1853 1002 1896 nostrorum,
1045 1859 1175 1898 neque
1219 1860 1263 1884 ex
1292 1846 1583 1887 oxoniensibus
1621 1848 1762 1900 ullum,

335 1931 464 1971 neque
485 1917 663 1956 codicem
690 1916 730 1954 S.
750 1915 939 1963 Victoris,
968 1928 1097 1967 neque
1114 1916 1285 1967 optimos
1312 1916 1618 1971 Palatinos,nec
1634 1919 1765 1959 Fran-

335 1989 386 2029 cii
417 1988 539 2027 libros
583 1987 705 2026 verba
750 1987 822 2025 isia
850 1985 971 2040 vulgo
1011 1988 1241 2039 interposita
1281 1988 1424 2027 iudices
1461 1996 1501 2028 et
1536 2005 1625 2030 mox
1653 2004 1692 2029 se
1719 1989 1767 2029 id

333 2062 438 2102 velle
478 2073 703 2113 agnoscere.
785 2059 920 2108 Quare
970 2058 1151 2098 desinant
1188 2060 1420 2113 interpretes
1467 2075 1512 2100 ex
1550 2061 1765 2102 manifestis

334 2131 577 2186 glossematis
614 2129 824 2167 lectionem
863 2127 1038 2182 aliquam
1086 2130 1338 2169 artificiosam
1377 2138 1417 2170 et
1443 2139 1668 2172 contortam
1695 2147 1761 2172 ex-

334 2201 525 2255 sculpere,
557 2201 664 2253 quod
692 2214 816 2252 nuper
846 2202 963 2238 etiam
994 2200 1169 2239 Orellius
1195 2204 1378 2242 tentavit.
1439 2203 1485 2243 si
1512 2204 1600 2256 quis
1626 2210 1760 2243 autem

333 2271 466 2310 locum
492 2278 673 2310 nostrum
690 2299 701 2320 ‚
744 2271 902 2324 qualem
931 2271 1023 2310 libri
1053 2280 1276 2325 praestant,
1308 2281 1456 2313 attente
1482 2274 1758 2328 perpenderit,

331 2349 419 2382 tum
468 2342 630 2381 Asconii
669 2342 863 2382 scholium
912 2344 962 2382 ad
1004 2344 1122 2383 finem
1151 2346 1302 2397 primae
1328 2345 1493 2393 aetionis
1521 2345 1560 2384 iu
1591 2346 1760 2386 Verrem

333 2411 569 2463 contulerit,
614 2412 684 2451 ubi
723 2413 867 2452 diserte
893 2413 1083 2453 docetur:
1131 2415 1181 2453 ab
1221 2424 1383 2470 utraque
1421 2423 1538 2470 parte
1584 2417 1760 2457 oratione

332 2492 556 2538 consumpta
569 2514 578 2531 ‚
623 2492 663 2521 ut
697 2484 741 2522 in
776 2484 976 2522 consilium
1025 2485 1311 2526 dimitterentur
1345 2485 1488 2524 iudices
1513 2498 1540 2523 a
1561 2494 1757 2539 praetore,

327 2566 562 2608 praeconem
602 2553 723 2591 solere
762 2553 1046 2606 pronuntiare:
1095 2553 1321 2592 Dixerwzt:
1351 2575 1404 2586 --
1432 2568 1530 2594 num
1575 2555 1758 2596 dubitare

332 2627 487 2674 potest,
526 2621 621 2674 quin
653 2620 750 2659 haec
788 2620 923 2659 iudicii
961 2620 1089 2660 forma
1134 2623 1173 2661 in
1222 2630 1355 2662 nostra
1394 2608 1511 2665 causa
1550 2624 1759 2667 observata

332 2691 414 2731 sit?
481 2691 559 2731 Sed
588 2691 828 2732 Garatonius
846 2722 859 2742 ‚
907 2692 976 2746 qui
1020 2707 1156 2733 veram
1201 2695 1397 2735 rationem
1435 2696 1658 2750 perspexit,
1707 2697 1758 2744 de,
