1846 3178
322 193 410 242 186
701 164 705 167 ⁸
852 192 1175 233 ADNOTATIO

424 308 484 361 ¹4·
517 310 688 352 recicm't:
718 310 816 351 haec
846 319 905 351 est
932 312 1085 367 elegans
1111 313 1225 357 codd.
1246 320 1472 354 nostrorum
1505 310 1742 352 emendatio'

312 391 385 431 pro
414 378 571 433 vulgato
617 382 795 432 retinuit,
839 381 947 435 quod
982 382 1083 421 nihil
1115 381 1222 421 aliud
1252 382 1331 422 fere
1358 383 1476 433 dicit,
1521 396 1641 436 quam
1668 381 1735 438 ulfi

312 457 440 489 terum
486 451 583 490 illud
629 454 869 506 suppresslt3
931 455 1010 492 iam
1037 460 1167 492 autem
1195 454 1388 506 depictam
1419 454 1609 493 habemus
1636 452 1727 494 Sta-

310 521 388 560 ieni
416 522 621 561 audaciam
648 528 687 560 et
715 522 918 562 fraudem:
948 523 1106 563 simulat
1126 538 1166 563 se
1192 523 1291 563 nihil
1320 525 1525 577 accepisse,
1546 531 1585 563 et
1604 523 1724 572 ultro,

310 592 378 644 qui
405 593 609 645 pecuniam
637 601 833 646 repetunt,
865 603 1037 635 accusat.

418 676 494 715 70,
533 676 593 704 12.
639 664 897 718 Quamobrem
922 667 959 704 si
986 664 1138 705 Staieni
1164 689 1218 697 --
1258 680 1324 705 22.
1357 664 1603 721 corfirnoeH]
1659 666 1728 706 In-

308 731 486 769 tricatior
527 731 645 771 huius
682 735 896 773 sententiae
934 748 1055 774 nexus
1084 735 1241 788 saepius
1272 737 1403 775 minus
1429 744 1611 783 accurate
1637 750 1728 790 per-

312 808 466 854 spectus
495 817 636 855 pravas
663 810 703 842 et
729 804 965 843 emendandi
993 813 1031 844 et
1058 806 1341 859 interpretandi
1382 808 1558 845 rationes
1586 819 1726 860 proge-

308 872 408 910 nuit.
491 873 576 927 Ipse
630 875 861 932 Lambinus,
913 875 1162 915 festinantius
1206 877 1313 916 hunc
1366 877 1498 916 locum
1538 883 1728 927 tractans,

308 944 455 982 erravit
483 974 494 995 ,
544 945 640 984 dum
692 948 1002 987 coniunctivos:
1053 949 1275 1003 reperiatur
1318 969 1370 975 --
1408 946 1542 984 ablata
1587 946 1638 984 sit
1683 958 1729 983 ex

308 1013 434 1067 Sylvii
481 1016 709 1055 coniectura
756 1019 926 1071 recepit:
966 1032 1059 1057 nam
1099 1018 1293 1072 particula
1340 1029 1456 1070 quum
1501 1029 1580 1055 non
1625 1015 1731 1055 ultra

308 1084 460 1123 verba:
501 1086 558 1124 ica
604 1088 843 1126 constitutum
881 1090 932 1126 sit
972 1110 1022 1119 -
1052 1097 1122 1134 aut
1161 1087 1399 1142 Oppianicus
1427 1087 1555 1139 valet,
1585 1086 1731 1141 quibus

306 1153 359 1191 ad
393 1155 468 1192 rite
500 1156 784 1195 conficiendam
807 1157 1101 1197 conclusionem
1128 1171 1173 1196 ea
1201 1158 1391 1208 conditio,
1421 1172 1522 1211 quae
1548 1172 1634 1212 cap.
1663 1156 1732 1196 23-

306 1221 373 1271 64.
413 1236 597 1262 concessa
626 1232 710 1263 erat
725 1254 736 1274 ‚
775 1227 817 1264 in
849 1227 1080 1265 memoriam
1110 1234 1332 1266 revocatur.
1388 1228 1651 1282 Argumenta,
1683 1241 1729 1267 ex

305 1292 450 1345 quibus
486 1293 526 1332 h.
566 1293 594 1336 l.
634 1296 735 1334 ratio
777 1295 960 1344 ducitur,
1003 1298 1161 1335 nonnisi
1199 1297 1297 1336 haec
1339 1298 1419 1338 duo
1444 1307 1561 1339 sunt:
1591 1300 1726 1352 prius:

310 1363 607 1416 »Oppianicum
634 1368 844 1419 pecuniam
875 1367 926 1407 ad
953 1367 1137 1407 emendas
1165 1371 1376 1408 sententias
1412 1370 1532 1409 iudici
1559 1370 1727 1419 dedisse,

306 1435 524 1476 iudicatum
550 1445 607 1477 est
625 1452 666 1489 3u
715 1439 909 1481 alterum:
966 1439 1160 1479 »Cluentii
1204 1454 1392 1480 uummus
1435 1439 1568 1480 nuilus
1605 1441 1730 1481 iudici

307 1507 420 1547 datus
463 1510 683 1562 reperitur3
724 1512 934 1565 Oppianici
974 1519 1112 1551 contra
1140 1513 1307 1565 pecunia
1334 1518 1424 1566 post
1449 1512 1641 1551 iudicium
1670 1512 1729 1552 fa-

304 1585 414 1618 ctum
443 1593 465 1618 a
495 1579 626 1620 iudice
653 1580 786 1621 ablata
814 1589 908 1624 est.«
967 1583 1125 1623 Horum
1164 1591 1379 1637 utrumque
1420 1597 1499 1623 una
1537 1581 1730 1637 particula

305 1651 342 1687 .ςὶ
370 1650 481 1688 initio
526 1653 740 1703 praemissa
786 1653 1008 1693 inducitur:
1054 1654 1162 1707 quod
1208 1669 1454 1708 quamquam
1495 1654 1728 1695 insolentius

303 1727 344 1759 et
371 1720 509 1760 durius
539 1722 665 1761 videri
694 1730 845 1776 potest,
874 1731 1007 1763 tamen
1034 1739 1118 1764 non
1145 1726 1275 1764 minus
1306 1739 1444 1764 verum
1475 1733 1547 1765 est.
1588 1726 1728 1765 Prius-

305 1805 426 1844 quam
466 1799 599 1831 autem
631 1793 800 1834 alterum
825 1802 1125 1849 argumentum:
1160 1797 1353 1836 »Cluentii
1377 1811 1550 1836 nummus
1575 1819 1631 1828 —
1656 1796 1728 1836 ab·
1761 1808 1765 1809 ⁷

303 1862 391 1901 lata
420 1872 496 1902 est«
514 1893 525 1914 ,
561 1865 602 1903 in
631 1879 711 1917 quo
738 1867 774 1903 si
801 1879 846 1904 ex
873 1867 1141 1920 superioribus
1178 1867 1477 1921 intelligendum
1505 1875 1587 1917 est,
1633 1868 1729 1908 sub·

307 1932 520 1988 iungitur3
576 1936 688 1988 quasi
728 1935 899 1975 fulcrum
933 1939 1016 1976 eius
1053 1945 1092 1976 et
1142 1937 1415 1977 adiumentum
1450 1937 1624 1977 conditio
1659 1937 1728 1978 illa

302 2004 435 2043 denuo
481 2004 658 2057 additur,
704 2020 825 2059 quam
862 2021 952 2046 reus
993 2007 1104 2046 nullo
1153 2009 1272 2047 modo
1323 2008 1541 2048 detrectare
1585 2016 1726 2062 potest.

310 2074 420 2114 Haec
464 2077 495 2114 si
537 2083 643 2116 recte
678 2079 981 2131 perpenduntur
1000 2110 1010 2127 ‚
1071 2081 1163 2120 satis
1201 2088 1386 2134 apparet,
1437 2082 1730 2139 quam⁴infelix

304 2159 435 2185 novae
464 2146 727 2188 distinctionis
751 2151 970 2189 remedium
983 2151 1156 2190 Orellius
1183 2166 1311 2205 nuper
1338 2153 1582 2205 excogitarit,
1605 2167 1730 2205 quum

304 2217 428 2256 verba
443 2232 454 2256 :
477 2231 596 2272 quum
613 2219 670 2258 ita
686 2221 924 2260 constitutmn
937 2224 986 2261 sit
997 2243 1030 2253 -
1038 2222 1173 2261 ablala
1183 2232 1238 2261 est
1247 2222 1470 2276 parenthesi
1485 2223 1732 2263 cone'userit.

414 2301 491 2342 72,
526 2303 567 2328 2.
585 2288 606 2313 *
646 2300 762 2346 capta
792 2307 980 2346 nusquam
1012 2316 1059 2323 -
1091 2293 1219 2347 dixit]
1278 2294 1395 2332 Hunc
1427 2293 1579 2345 locum,
1609 2309 1728 2347 quem

303 2356 415 2396 nulla
442 2359 595 2399 ratione
622 2361 800 2414 expedio,
841 2363 892 2402 ad
937 2365 1177 2417 optimorum
1209 2363 1322 2403 codd.
1360 2364 1477 2403 fidem
1513 2365 1730 2417 exprimere

303 2429 425 2469 satius
465 2429 703 2483 videbatur,
730 2447 851 2486 quam
879 2434 1098 2488 quidquam
1126 2435 1275 2474 incerta
1303 2442 1464 2488 tangere
1490 2436 1730 2477 coniectura.

302 2500 502 2554 Equidem
532 2505 690 2556 gravius
717 2505 904 2545 mendum
935 2507 1061 2545 inesse
1099 2506 1291 2560 suspicor,
1333 2521 1454 2560 quam
1497 2507 1607 2559 quod
1646 2506 1727 2547 leni

301 2571 456 2612 medela
489 2573 680 2613 tollatur:
715 2576 919 2629 nam-ipsa
948 2576 1132 2615 Lambini
1161 2576 1323 2615 sanandi
1351 2578 1464 2627 ratio,
1492 2576 1600 2616 haud
1632 2590 1726 2617 sane

301 2643 522 2691 mitiSsima‚
558 2644 657 2685 nihil
688 2646 829 2686 effecit.
889 2648 988 2697 Quis
1015 2648 1142 2695 dicat,
1177 2662 1228 2688 an
1257 2645 1410 2690 Staieni
1461 2661 1605 2688 nomeu
1632 2647 1678 2689 h.
1693 2647 1721 2688 l.

302 2719 383 2754 tam
414 2722 565 2755 certum
595 2716 672 2768 sit,
700 2725 746 2758 ut
773 2717 991 2759 editoribus
1024 2718 1261 2759 videbatur?
