1846 3178
0 229 5 236 “
4 198 13 206 n·
0 159 7 164 ζ
3 75 12 106 ια,

1519 169 1550 202 V

103 298 253 342 terem,
285 287 482 344 quidquid
512 288 643 328 honae
672 287 798 343 frugis
828 288 891 328 vel
908 286 1126 327 Lambinus
1155 299 1199 325 ex
1218 284 1298 324 suis
1329 283 1455 332 libris,
1487 281 1551 322 vel

107 375 331 428 Gudiclmus
372 390 395 416 e
431 374 567 415 codice
614 375 657 414 S.
693 376 869 415 Victoris
897 381 1154 423 enotaverat,
1195 371 1345 424 ubique
1384 369 1469 408 fere
1509 371 1552 409 in

105 470 243 519 noetm
268 462 436 504 totidem
466 461 600 502 verbis
621 475 828 515 apparere.
885 461 963 500 Sed
993 475 1119 515 quum
1138 466 1277 499 neuter
1295 471 1435 497 eorum
1454 470 1551 496 con-

102 551 259 592 tinuam
285 564 424 590 curam
440 580 453 602 ‚
486 550 646 605 qualem
676 548 888 589 laudabilis
911 549 1179 588 recentiorum
1204 546 1436 586 criticorum
1454 558 1551 584 usus

101 636 297 693 postulat,
349 639 393 678 in
420 637 535 679 libris
563 636 813 676 conferendis
845 634 1122 688 impendisset,
1159 633 1261 672 nihil
1292 635 1416 687 magis
1449 632 1551 672 mihi

103 724 326 780 optandum
342 732 429 765 erat
445 724 496 765 ad
510 723 750 764 firmandam
767 722 912 777 egregii
933 721 1080 760 codicis
1090 719 1316 760 Florentini
1336 722 1553 760 auctorita-

106 819 214 862 tem,
245 825 367 867 quam
387 819 434 852 ut
460 824 587 850 unum
616 810 838 849 alterumve
858 807 1035 847 eiusdem
1065 808 1330 862 praestantiae
1358 807 1552 861 scriptum

104 900 256 942 librum
277 900 542 947 nanciscerer,
578 897 690 936 cuius
707 903 944 951 perpetuum
972 894 1246 934 testimonium
1274 895 1425 950 aliquid
1454 910 1555 950 pon—

104 987 212 1030 deris
237 988 426 1028 adiiceret
460 988 504 1026 in
538 987 676 1040 iniqua
716 986 835 1024 unius
875 984 1024 1024 codicis
1062 997 1155 1022 cum
1196 984 1421 1025 innumeris
1466 983 1556 1024 aliis

103 1073 418 1129 comparatione.
473 1071 601 1120 Ecce,
634 1069 712 1109 hoc
738 1083 899 1124 quoque
918 1076 1075 1123 praeter
1102 1070 1434 1123 exspectationem
1455 1070 1556 1110 mihi

108 1161 264 1216 obtigit.
295 1157 688 1208 NIEBUHRIUS‚
721 1159 793 1212 qui
809 1158 984 1196 rationes
1011 1171 1120 1196 meas
1138 1157 1305 1196 consilio
1324 1164 1363 1196 et
1390 1171 1465 1212 ope
1483 1173 1557 1200 sua

105 1249 242 1293 fovere
266 1257 309 1290 et
335 1248 526 1289 adiuvare
554 1262 637 1287 uon
666 1246 863 1298 desierat,
904 1245 947 1284 in
975 1245 1206 1286 Monacensi
1236 1244 1495 1299 bibliotheca,
1523 1250 1557 1287 si

108 1339 162 1385 in>
182 1339 316 1393 patria
343 1337 451 1386 ulla,
483 1337 637 1392 aliquid
665 1337 801 1377 auxilii
822 1337 972 1391 sperari
992 1350 1108 1391 posse
1128 1336 1418 1390 suspicabatur.
1478 1336 1557 1376 Co-

102 1427 244 1483 gitavit
271 1427 323 1467 de
349 1429 436 1481 ipso
463 1427 603 1467 codice
630 1428 933 1481 Tegernsoeafi,
976 1441 1027 1465 an
1065 1426 1166 1465 forte
1195 1424 1393 1464 recentior
1425 1424 1558 1478 inqui-

103 1513 195 1554 sitio
209 1513 480 1554 desideratum
494 1514 603 1553 hunc
619 1527 691 1566 per
705 1512 854 1552 multos
871 1527 997 1552 annos
1015 1513 1249 1551 thesaurum
1268 1526 1408 1551 rursus
1429 1512 1555 1551 eruis-

104 1607 184 1650 set,
215 1606 255 1639 et
273 1601 306 1640 si
320 1599 422 1640 haec
435 1599 673 1653 exspectatio
689 1597 878 1638 audacior
897 1598 1050 1650 fuisset,
1081 1612 1164 1638 non
1179 1599 1394 1652 ignoravit,
1425 1614 1549 1653 quam

105 1685 262 1740 egregia
289 1684 492 1725 bonarum
520 1685 744 1729 litterarum
761 1684 992 1724 adiumenta
1008 1682 1089 1723 illic
1104 1692 1417 1724 asservarentur.
1466 1685 1557 1740 Ipse

104 1775 228 1830 igitur
256 1787 345 1813 meo
374 1773 538 1813 nomine
567 1773 751 1828 precibus
788 1772 887 1814 adiit
921 1773 1214 1824 leierschiam‚
1256 1772 1389 1811 virum
1423 1773 1558 1813 nescio

104 1870 243 1904 utrum
272 1862 326 1902 ob
354 1862 601 1917 praeclaram
635 1862 759 1901 animi
791 1869 831 1901 et
858 1875 1018 1901 morum
1048 1860 1341 1900 humanitatem
1369 1873 1422 1898 an
1462 1874 1559 1914 pro·

104 1959 195 2007 pter
222 1950 500 1997 admirabilem
528 1949 734 1989 doctrinae
770 1949 926 2003 copiam
955 1956 995 1988 et
1023 1947 1261 2002 elegantiam
1289 1948 1415 2000 magis
1441 1961 1559 2001 prae-

106 2037 348 2090 dicandum,
397 2052 469 2092 per
498 2051 670 2091 eumque
700 2036 808 2076 viros
838 2035 1103 2084 clarissimos,
1153 2036 1223 2088 qui
1253 2034 1384 2088 regiae
1413 2035 1560 2077 Mona-

108 2126 236 2167 censis
262 2125 529 2166 bibliothecae
549 2139 689 2164 curam
709 2131 879 2179 gerunt:
914 2139 936 2163 a
966 2138 1140 2177 quorum
1159 2123 1301 2163 eximia
1321 2122 1560 2163 liberalitate

106 2215 239 2255 statim
270 2213 373 2255 illud
399 2213 629 2268 impetravit
644 2242 658 2264 ,
698 2220 744 2252 ut
768 2227 973 2254 recensum
1011 2214 1215 2252 mitterent
1252 2220 1293 2252 et
1330 2220 1559 2253 accuratam

100 2303 293 2342 notitiam
321 2316 413 2342 cum
442 2303 576 2341 variae
614 2302 796 2341 lectionis
829 2301 1045 2355 specimine
1074 2299 1259 2339 codicum
1296 2307 1337 2339 et
1374 2306 1558 2340 veterum

107 2389 343 2443 editionum,
372 2406 394 2431 e
421 2391 566 2445 quibus
587 2389 740 2444 aliquid
768 2389 922 2429 fructus
949 2388 1001 2429 ad
1029 2388 1308 2429 Cluentianam
1336 2389 1558 2428 orationem

110 2477 334 2521 redundare
375 2487 522 2534 posset.
576 2480 677 2518 Viro
712 2477 941 2518 doctissimo
957 2507 969 2530 ,
1018 2478 1088 2531 qui
1125 2477 1363 2517 Thierschio
1400 2483 1558 2530 petente

112 2564 324 2621 maspetum
381 2566 502 2608 huius
548 2582 692 2622 operae
739 2566 918 2606 laborem
960 2568 1159 2620 suscipere
1204 2580 1285 2604 non
1331 2565 1554 2613 recusavit,

112 2667 235 2708 quam
261 2657 452 2696 maximas
477 2657 622 2710 gratias
649 2654 807 2710 publice
836 2669 923 2709 ago.
963 2655 1096 2706 Quam
1125 2661 1237 2708 grato
1266 2656 1399 2694 animo
1429 2668 1557 2708 quau-
