1846 3178
730 92 968 134 cnrrmA.
1487 98 1575 165 ¹⁶7

75 267 78 270 Δ
128 215 371 260 editionibus
399 216 479 257 iam
506 207 685 256 extabat,
739 213 798 255 At
825 217 914 256 iure
942 216 1166 270 quaeritur,
1182 213 1290 254 unde
1331 222 1416 256 tam
1454 230 1579 271 grave

119 288 277 342 ,vitium
302 296 438 330 ortum
454 288 520 338 sit,
542 294 582 328 et
592 288 752 342 penitus
778 288 970 328 insederit
997 289 1040 328 in
1065 287 1181 328 libris
1209 286 1425 342 plerisque.
1447 288 1580 329 Causa

125 361 169 401 in
196 359 406 402 manifesto
434 366 519 400 est:
551 374 647 399 nam
677 362 872 413 genuina,
903 374 1027 414 quam
1055 374 1164 399 nunc
1191 359 1460 413 reposuimus,
1479 361 1579 400 scri-

115 440 245 493 ptum
280 439 419 488 aperte
461 446 556 472 cum
594 432 642 473 iis
669 447 849 487 pugnare
876 433 1113 484 videbatur,
1144 446 1249 486 quae
1276 446 1314 472 c.
1354 444 1418 486 17.
1445 429 1514 485 49.
1541 438 1581 471 et

124 516 202 559 ¹19·⁸
218 502 288 544 55.
306 511 549 545 narrantur:
583 505 779 546 Cluentius
799 506 980 561 primum
1010 518 1150 544 nomen
1176 505 1257 543 eius
1285 502 1442 555 detulit,
1471 503 1581 543 cuius

121 575 168 615 in
201 577 381 616 manibus
422 591 618 616 venenum
663 576 979 632 deprehenderat
993 606 1004 625 ‚
1057 582 1122 616 et:
1159 574 1450 615 Scamandrum
1492 587 1580 614 cum

121 658 273 687 veneno
295 649 541 704 pecuniaRJue
567 648 853 704 deprehensum
880 662 962 688 esse
989 647 1157 687 dicebat.
1189 646 1247 687 At
1274 645 1375 686 nihil
1392 659 1576 687 moveor.

120 715 305 758 Multum
331 718 477 770 refert,
507 720 738 773 primumne
767 733 831 759 res
853 717 987 772 aliqua
1015 724 1201 756 accurate
1229 725 1480 771 exponatur,
1525 732 1580 758 an

122 790 337 845 postmodo
364 792 407 831 in
435 792 628 831 orationis
657 804 778 831 cursu
811 790 953 831 leviter
981 795 1188 842 tangatur.
1243 789 1324 830 Res
1348 789 1459 830 haud
1500 789 1580 830 du-

122 860 192 902 bie
217 863 274 903 sic
301 863 543 919 gerebatur:
573 878 700 918 quum
729 863 772 903 in
807 877 854 902 eo
882 869 969 901 erat
991 860 1257 910 Scamander,
1288 869 1336 902 ut
1364 863 1580 916 pecuniam
1614 860 1620 866 '

120 934 324 984 traderet,
354 949 557 976 venenum
584 936 796 989 acciperet,
812 950 836 974 a
865 934 1222 989 prorumpentibus
1249 926 1419 973 testibus
1436 934 1580 988 depre-

120 1007 270 1049 hensus
312 1015 399 1049 est:
441 1016 482 1049 et
517 1008 596 1048 hoc
634 1008 798 1062 quidem
837 1008 954 1047 initio
988 1007 1134 1047 diserte
1159 1013 1376 1056 narratur3
1407 1005 1478 1045 sed
1506 1005 1579 1046 ubi

118 1080 330 1121 manifesta
363 1080 482 1136 culpa
522 1095 606 1120 uno
642 1080 770 1121 verbo
807 1079 1111 1134 complectenda
1141 1086 1243 1131 erat,
1271 1077 1375 1118 nihil
1403 1078 1569 1127 mirum,

116 1153 359 1193 'Ciceronem
388 1152 556 1192 artificio
579 1153 758 1192 oratorio
790 1152 957 1192 dixisse:
988 1154 1032 1192 in
1060 1153 1168 1191 cuius
1192 1151 1371 1190 manibus
1388 1165 1580 1191 venenum

119 1225 406 1281 deprehensum
453 1233 541 1265 erat
566 1238 578 1264 τ
630 1238 726 1264 nam
780 1225 950 1278 pecunia
1003 1225 1148 1264 veneni
1191 1224 1326 1263 locum
1352 1222 1577 1264 obtinebat.

116 1295 276 1338 Eodem
291 1298 380 1337 iure
399 1297 520 1336 etiam
539 1296 685 1336 deinde
702 1298 832 1350 potuit
849 1296 1113 1336 contendere:
1145 1297 1316 1336 Baebius
1334 1296 1456 1347 dixit,
1475 1296 1576 1337 Sca-

117 1369 332 1409 mandrum
367 1383 455 1409 cum
497 1366 649 1408 iveneno
688 1370 934 1424 pecuniaque
982 1367 1268 1424 deprehensam
1309 1383 1404 1409 esse.
1468 1368 1576 1409 Nam

115 1441 360 1496 praepositio
385 1455 477 1480 cum
506 1439 692 1481 latiorem
715 1454 877 1480 sensum
904 1439 1102 1491 admittit,
1131 1447 1178 1480 ut
1204 1454 1288 1480 non
1317 1440 1359 1481 in
1388 1440 1577 1481 manibus

115 1512 253 1554 liberti
291 1520 510 1567 utrumque
550 1514 762 1554 inventum
801 1527 885 1552 esse
912 1512 1174 1567 intelligatur.
1234 1513 1315 1553 Sed
1354 1527 1580 1568 numquam

116 1583 197 1623 dici
225 1585 371 1637 potuit,
388 1583 539 1623 nedum
567 1583 611 1623 in
639 1584 849 1638 ipsaLfacti
880 1584 1149 1638 expositione:
1179 1600 1373 1625 venenum
1400 1595 1441 1625 et
1462 1600 1579 1641 pecu-

115 1655 233 1696 niam
271 1656 316 1696 in
354 1656 438 1695 eius
476 1656 655 1695 manibus
691 1655 973 1711 deprehensum
1002 1671 1096 1695 esse.
1130 1679 1185 1687 —
1224 1657 1320 1696 Mox
1344 1658 1394 1696 ob
1421 1671 1497 1710 pro
1523 1657 1584 1697 ad

116 1727 303 1768 dedimus
330 1742 378 1768 ex
406 1727 594 1768 omnibus
622 1727 707 1768 fere
736 1727 856 1768 codd.
899 1727 1080 1769 Orellius
1107 1726 1153 1768 h.
1184 1728 1216 1768 l.
1251 1728 1502 1783 negligenter
1532 1743 1580 1768 ex

118 1800 420 1840 Oxoniensibus
463 1798 567 1839 nihil
610 1800 816 1839 varietatis
858 1799 1070 1839 adnotavit
1082 1811 1100 1840 τ’
1135 1800 1256 1840 huius
1294 1815 1459 1854 quoque
1487 1815 1579 1840 cor-

114 1871 298 1926 ruptelae
325 1870 432 1911 idem
462 1871 565 1921 fons,
595 1873 666 1926 qui
696 1873 936 1926 superioris:
973 1887 1069 1912 sane
1097 1873 1219 1924 enim,
1232 1873 1264 1912 si
1293 1871 1466 1912 verbum
1477 1886 1580 1912 com·

111 1953 291 2001 paratur
317 1958 402 1985 non
421 1952 709 1999 praecesserat,
739 1946 937 2000 scriptura
963 1947 1012 1985 ob
1039 1960 1128 1986 eam
1155 1961 1238 1986 rem
1265 1945 1310 1986 h.
1350 1960 1388 1986 e.
1431 1947 1578 1987 veneni

114 2016 377 2070 comparandi
421 2031 542 2056 causa
564 2047 576 2069 ,
613 2016 710 2056 ferri
751 2031 835 2056 nou
861 2018 1008 2071 potuit.
1045 2039 1097 2048 —
1154 2017 1345 2071 Denique
1386 2017 1580 2071 copulam

118 2101 193 2145 que
222 2087 344 2142 vulgo
374 2089 530 2128 nomini
562 2088 734 2144 pecunia
762 2088 957 2128 adnexam
988 2103 1081 2128 cum
1110 2089 1274 2143 optimis
1312 2089 1426 2129 libris
1471 2090 1577 2128 omi-

99 2159 271 2209 ‹simu53
301 2170 384 2210 quo
417 2157 522 2197 facto
551 2160 723 2212 protasis
753 2159 848 2200 illa:
878 2159 995 2198 multi
1011 2183 1052 2189 -
1088 2160 1410 2212 intervenissent,
1447 2161 1578 2202 multo

113 2230 248 2285 aptius
291 2229 344 2269 ad
370 2231 594 2285 {sequentia
633 2230 823 2285 refertur,
858 2239 909 2285 “et
947 2238 1033 2272 tota
1063 2234 1261 2272 sententia
1292 2235 1334 2273 in
1363 2233 1578 2288 pristinam

109 2317 227 2347 suam
253 2303 426 2343 formam
453 2302 638 2341 restituta
665 2308 741 2341 est.

227 2376 307 2430 35,
354 2390 394 2416 2.
434 2389 553 2415 unum
598 2373 766 2429 crimen]
846 2374 968 2428 Quod
997 2376 1040 2415 in
1070 2374 1273 2430 plerisque
1305 2374 1399 2415 edd.
1432 2374 1527 2416 inde
1551 2390 1577 2417 a

60 2454 87 2498 ἢ
111 2448 275 2490 Iuntina
306 2447 522 2502 vulgatur:
553 2462 693 2487 verum
720 2448 868 2487 crimen
885 2478 896 2496 ‚
927 2446 1040 2487 nulla
1068 2448 1236 2488 omnino
1276 2447 1462 2487 codicum
1501 2462 1577 2487 au-

111 2515 298 2561 ctoritate
339 2521 510 2570 nititur,
554 2520 623 2560 sed
663 2521 797 2560 nescio
846 2522 962 2561 cuius
1002 2522 1256 2562 coniecturae
1298 2521 1501 2562 debetur:
1533 2529 1576 2561 at

113 2591 227 2652 nihil,
245 2595 445 2636 ieiunius:
480 2593 680 2649 nam'ssuhi
710 2593 887 2648 aliquam
915 2595 1038 2635 huius
1067 2610 1210 2636 causae
1239 2595 1452 2650 propriam
1500 2592 1575 2633 de-

114 2665 371 2719 scriptionem
400 2673 688 2721 exspectamus,
720 2663 820 2706 nihil
850 2663 962 2706 aliud
991 2666 1206 2718 diceretur,
1239 2680 1362 2722 quam
1389 2665 1501 2721 quod
1532 2666 1574 2705 in

1216 2808 1234 2822 -θ

1132 2898 1161 2925 ⁴}

336 2931 414 3002 ²0
