1846 3178
0 150 26 202 ῖῖ
516 155 627 194 PRO
658 150 1049 193 A.JCLUENT10.
1458 172 1474 200 ,
1486 158 1541 216 4,

95 280 474 352 quodrdifflcile
509 280 650 328 factu
686 289 758 327 est
776 316 788 335 ‚
826 277 880 324 in
916 276 1018 325 vita
1055 273 1366 332 remanebit,
1399 290 1546 345 saepe

97 356 393 422 etivmlmm
415 379 676 436 queretur,
707 364 1080 434 deprehensum
1106 379 1205 413 esse
1227 359 1359 411 illud
1383 380 1552 429 quon«

87 450 222 503 *dnm
254 450 628 500 ,Fabricianum
659 465 932 497 venenum.
1023 445 1218 510 Quodsi
1269 456 1382 493 tum
1414 444 1548 492 indi-

102 547 275 585 catum
310 550 416 582 non
454 543 602 587 esset,
634 549 740 580 non
765 529 899 579 huic
932 527 1369 578 aerumnosissimo
1402 544 1549 576 vene-

74 621 234 666 5num
268 614 403 665 illud
437 615 625 673 fuisset,
672 612 758 662 sed
791 612 1077 662 multorum
1118 609 1549 660 medicamentum

97 699 363 750 laborum:
399 710 652 767 postremo
677 696 830 745 etiam
861 694 1079 744 fortassis
1101 706 1264 742 mater
1293 694 1550 762 exsequias

99 780 244 832 illius
265 780 463 830 funeris
497 791 776 849 prosecuta,
812 789 1028 826 mortem
1062 793 1112 825 se
1149 775 1242 823 filii
1278 777 1452 843 lugere
1484 777 1548 826 si-

97 863 348 912 mulasset.
426 863 578 912 Nunc
618 878 735 909 vero
780 856 911 926 quid
960 856 1060 905 erit
1101 856 1415 925 profectum,
1451 859 1548 908 nisi

94 958 158 996 ut
191 945 347 995 huius
380 961 440 993 ex
474 942 653 994 mediis
686 941 863 992 mortis
896 938 1094 989 insidiis
1125 939 1226 988 vita
1260 939 1325 988 ad
1347 940 1549 991 luctum

48 1039 416 1083 menum-vata,
461 1043 595 1075 mors
640 1025 872 1094 sepulcro
920 1021 1079 1091 patris
1112 1022 1309 1091 privata
1343 1041 1442 1073 esse
1476 1024 1548 1072 vi-

96 1109 314 1160 deatur?
378 1109 503 1158 Satis
537 1107 631 1156 diu
663 1106 766 1155 fuit
802 1106 855 1154 in
891 1105 1131 1165 miseriis,
1175 1104 1390 1155 iudices:
1425 1108 1542 1156 satis

94 1193 285 1243 multos
333 1208 494 1240 annos
537 1207 596 1238 ex
642 1188 834 1237 invidia
879 1189 1140 1238 laboravit.
1222 1190 1381 1239 Nemo
1426 1190 1550 1241 huic

97 1287 203 1325 tam
254 1274 488 1342 iniquus,
535 1285 737 1342 praeter
771 1283 1065 1340 parentem,
1102 1271 1227 1332 fuit,
1262 1273 1409 1323 cuius
1441 1275 1550 1323 ani-

96 1376 244 1408 mum
278 1375 385 1407 non
421 1357 523 1405 iam
559 1356 822 1425 expletum
856 1371 954 1404 esse
989 1367 1260 1424 putemus:
1305 1374 1411 1415 vos,
1455 1357 1549 1425 qui

49 1440 252 1508 15aequi
285 1439 400 1489 estis
434 1438 685 1496 omnibus,
711 1437 822 1505 qui,
859 1450 920 1487 ut
953 1438 1171 1506 quisque
1206 1437 1552 1489 crudelissime

100 1534 460 1594 oppugnatur,
494 1539 614 1570 eum
648 1521 900 1570 lenissime
933 1520 1226 1579 sublevatis,
1260 1536 1549 1573 conservate

99 1610 157 1657 A.
207 1606 529 1655 Cluentium:
585 1603 836 1653 restituite
880 1603 1191 1652 incolumem
1235 1606 1545 1676 municipio:

99 1689 288 1748 amicis,
325 1687 519 1746 vicinis,
554 1685 853 1756 hospitibus,
891 1703 1117 1753 quorum
1151 1685 1320 1737 studia
1353 1689 1546 1747 videtis,

106 1770 326 1821 reddite:
377 1770 518 1820 vobis
570 1769 627 1819 in
675 1782 986 1839 perpetuum
1045 1769 1323 1840 liberisque
1376 1776 1549 1823 vestris

44 1853 415 1922 zoobstringite.
515 1854 757 1902 Vestrum
804 1863 877 1900 est
921 1851 1043 1913 hoe,
1088 1851 1308 1912 iudices,
1357 1870 1548 1907 vestrae

105 1937 381 2007 dignitatis,
399 1949 589 1987 vestrae
625 1936 943 1986 clementiae:
981 1948 1116 1985 recte
1151 1936 1248 1986 hoc
1295 1940 1548 2007 repetitur

97 2041 127 2074 a
163 2022 326 2082 vobis,
371 2034 433 2071 ut
484 2021 653 2070 virum
703 2019 959 2089 optimum
1006 2032 1162 2088 atque
1197 2020 1547 2074 innocentissi-

214 2211 274 2241 ιο.
304 2203 504 2238 reservata

195 2379 223 2402 1.
252 2367 291 2401 in
316 2379 383 2402 om.
421 2368 526 2402 ABa
544 2380 564 2401 r·
583 2375 725 2401 stuvoe
918 2379 948 2402 2.
976 2373 1190 2414 quereretur
1217 2371 1349 2406 ABas
1516 2371 1548 2416 ᾖ

98 2413 202 2460 prim
224 2424 299 2448 non
323 2427 390 2448 om.
410 2422 528 2449 rtuv
711 2426 743 2459 7.
778 2424 815 2446 se
859 2414 924 2448 filii
954 2427 1020 2449 om.
1048 2418 1077 2451 Β
1171 2427 1208 2451 se
1245 2431 1314 2453 om.
1344 2422 1374 2454 A
1515 2424 1549 2456 8.

100 2464 300 2504 periectum
327 2474 391 2509 κμ
484 2462 647 2508 profecto
673 2474 696 2495 a
727 2481 760 2486 —
790 2473 822 2494 m
1027 2475 1076 2498 ιο.
1102 2472 1311 2500 conservata
1337 2470 1382 2501 ΙΙ
1402 2478 1551 2513 praeter

99 2505 295 2550 ηιςαδεζ
410 2515 590 2544 reservata
615 2509 698 2544 rell.
723 2506 802 2542 edd.
966 2512 1016 2546 ¹3.
1042 2523 1116 2544 non
1142 2514 1302 2548 animum
1328 2517 1359 2549 A
1375 2517 1400 2550 Β
1476 2529 1551 2551 non

100 2564 171 2587 om.
206 2564 477 2590 anor-stava
667 2557 718 2591 16.
758 2567 837 2589 enm
861 2569 926 2590 om.
965 2566 1170 2593 norstuv
1334 2573 1372 2609 17
1411 2564 1452 2601 A,
1481 2578 1549 2599 om.

102 2599 503 2681 bdeafgltiklorstu
696 2615 751 2638 20.
792 2612 929 2640 vestrae
955 2605 1145 2652 dignitatis
1185 2618 1250 2641 om.
1294 2609 1348 2645 ed.
1391 2612 1489 2656 1581.
1529 2623 1549 2647 ο

101 2657 167 2694 '¹0

1570 1124 1647 1151 202
