1846 3178
351 168 439 220 158
910 170 1246 214 ADNOTATIO

343 286 517 342 aliquam
544 291 749 330 continet:
780 290 880 330 nihil
905 290 984 330 tale
1014 292 1065 331 ad
1091 293 1292 333 iucundius
1317 299 1445 347 potest
1461 291 1640 348 cogitari,
1667 290 1767 347 ,Ορ-

341 361 524 414 pianicus
567 363 697 416 potius
738 375 884 400 novam
913 369 952 400 et
979 363 1196 403 inauditam
1224 366 1332 404 viam
1358 366 1559 419 ingressus
1584 379 1618 404 a·
1648 364 1773 413 caede

340 430 560 472 liberorum
588 439 750 486 propter
775 434 984 485 pecuniam
1013 447 1093 475 non
1114 433 1354 474 abhorrebat
1368 464 1380 485 ‚
1421 436 1492 476 sed
1519 450 1608 476 eam
1633 437 1768 479 iucun-

339 503 441 542 dam
478 517 557 541 esse
599 502 735 541 duxit:
777 502 878 541 nihil
917 502 1032 545 facile
1077 505 1272 557 reperies‚-
1296 518 1379 558 quo
1405 508 1768 561 comparativus,si

339 581 529 628 ponatur,
560 573 766 612 commode
790 572 988 612 trahatur.

456 660 519 700 ¹7·
563 659 676 701 quem
715 659 844 684 omnes
879 643 1057 698 oderant]
1086 659 1218 685 omnes
1259 660 1307 687 ex
1348 648 1508 701 optimis
1534 650 1653 692 MSS.
1684 650 1760 692 ad-

338 717 470 756 ditum
510 724 707 770 quantum
743 717 794 755 ad
833 716 1056 769 augendam
1097 718 1313 756 sententiae
1362 720 1596 771 gravitatem
1636 721 1767 774 faciat,

338 791 488 842 optime
516 788 762 842 intelligitur,
794 790 826 827 si
854 790 943 841 quis
962 788 1118 842 singula
1146 789 1263 828 huius
1292 791 1553 843 oppositionis
1587 800 1769 842 accurate

338 862 542 900 institutae
569 859 748 899 membra
781 866 1074 913 persequatur:
1118 861 1309 914 quicquid
1348 863 1453 901 enim
1498 863 1542 901 in
1570 864 1766 916 praesenti

337 933 485 972 iudicio
512 932 644 972 locum
673 946 754 970 non
783 931 929 980 habet,
962 932 1003 970 id
1033 946 1150 971 omne
1189 934 1230 971 in
1267 933 1437 972 Iuniano
1474 933 1621 974 iudicio
1649 948 1770 989 quam

337 1006 507 1044 maxime
551 1003 737 1052 adfuisse,
767 1003 910 1056 insigni
940 1003 1113 1055 quadam
1141 1004 1182 1042 vi
1208 1004 1444 1043 ostenditur.
1503 1004 1654 1045 Omnia
1692 1007 1772 1060 igi-

335 1082 404 1114 tur
430 1076 471 1112 in
500 1073 624 1112 altera
652 1080 763 1126 parte
789 1072 1052 1111 intenduntur
1081 1079 1119 1110 et
1151 1071 1467 1125 amplificantur:
1504 1089 1631 1129 quum
1674 1076 1770 1117 hinc

337 1145 518 1184 dicatur:
549 1145 591 1182 in
630 1157 743 1198 quem
775 1143 919 1181 iudices
946 1157 1024 1181 non
1060 1143 1164 1191 estis,
1197 1143 1306 1182 illinc
1334 1146 1551 1198 opponitur
1568 1161 1581 1186 ε
1611 1147 1663 1187 de
1691 1162 1779 1204 quo*

337 1217 464 1256 iurati
492 1217 699 1254 sententias
715 1216 834 1266 ferre
857 1214 1073 1265 debebant3
1095 1229 1219 1268 quum
1247 1215 1366 1256 hinc:
1403 1232 1516 1272 quem
1544 1231 1624 1258 non
1655 1219 1771 1259 vide-

337 1290 413 1339 tis;
445 1286 577 1326 illinc:
606 1287 713 1325 cuius
734 1286 959 1340 praesentis
990 1286 1185 1336 nffarium
1215 1295 1253 1325 et
1283 1288 1586 1328 consceleratum
1618 1291 1770 1331 vultum

338 1357 608 1398 intuebantur.-
649 1357 703 1394 sic
742 1355 863 1408 igitur
903 1353 1030 1392 illud:
1060 1367 1175 1409 quem
1201 1354 1327 1394 odisse
1347 1370 1427 1396 non
1466 1360 1700 1413 potestish.
1730 1374 1768 1401 e,

338 1443 460 1483 quem
498 1441 616 1467 nemo
658 1426 768 1478 adit,
796 1424 899 1464 nihil
931 1425 1061 1478 aptius
1090 1424 1211 1464 habet
1238 1427 1480 1480 oppositum,
1509 1442 1632 1483 quam
1657 1430 1764 1476 hoe:

336 1514 446 1557 quem
468 1512 601 1538 omnes
623 1497 803 1539 oderant.

452 1584 520 1621 22,
554 1571 594 1609 3.
621 1569 819 1624 propiora
838 1568 955 1606 unice
973 1581 1114 1607 verum
1142 1567 1302 1607 videtur
1332 1568 1372 1608 in
1399 1584 1544 1624 magna
1570 1571 1771 1616 librorum

338 1642 631 1695 discrepantia:
662 1639 781 1679 modo
821 1633 1017 1693 genitivus
1044 1638 1195 1678 huiusce
1224 1639 1275 1677 ad
1302 1638 1532 1682 Cluentium
1558 1643 1766 1696 referatur,

337 1722 377 1754 et
401 1727 549 1753 causae
575 1726 648 1766 pro
677 1711 812 1750 dativo
842 1711 1058 1763 accipiatur
1078 1724 1089 1749 τ
1125 1711 1167 1749 id
1191 1711 1323 1764 ipsum
1349 1713 1390 1751 in
1413 1714 1612 1767 scriptura
1632 1725 1770 1758 nostra

337 1787 490 1825 huiusce
517 1783 640 1837 magis
668 1789 847 1836 apparet,
863 1796 984 1835 quam
1013 1782 1054 1820 in
1082 1780 1244 1835 vulgata
1272 1782 1398 1822 lucius.

454 1856 516 1895 13.
542 1853 689 1907 emori]
746 1853 838 1892 Non
876 1852 1110 1906 negligenda
1138 1853 1349 1892 videbatur
1375 1855 1619 1908 optimorum
1645 1858 1765 1898 codd.

337 1929 559 1983 scriptura,
587 1940 688 1980 quae
715 1925 986 1979 praecedentis
1020 1925 1133 1965 verbi
1167 1927 1450 1965 terminatione
1488 1926 1603 1969 facile
1638 1931 1770 1982 potnit

339 1998 577 2049 oblitterari,
608 2010 680 2050 pro
710 1995 816 2049 vulg.
844 1996 963 2034 mori.
999 1994 1143 2033 Emori
1173 2002 1308 2035 autem
1335 1996 1518 2037 Ciceroni
1543 2005 1602 2039 est
1627 2002 1770 2041 misere

339 2071 459 2122 mori,
503 2069 557 2108 sic
592 2068 694 2107 infra
731 2081 765 2107 c.
819 2065 878 2118 14.
917 2064 996 2117 45:
1039 2080 1247 2116 accusare,
1283 2081 1434 2122 quoquo
1471 2069 1587 2109 modo
1621 2081 1766 2126 posset,

340 2158 457 2200 quam
485 2143 555 2182 illo
574 2141 690 2181 modo
714 2140 842 2179 emori
859 2138 1021 2177 maluit.-
1051 2152 1123 2191 pro
1138 2138 1240 2181 Rab.
1268 2139 1408 2178 Posth.
1435 2153 1472 2179 c.
1513 2154 1569 2182 10.
1598 2154 1673 2183 20:
1688 2145 1768 2195 fe-

340 2219 452 2256 cisset
475 2224 591 2265 certe,
619 2214 653 2251 si
681 2214 764 2251 sine
790 2212 969 2250 maacimo
992 2210 1194 2262 dedecore,
1222 2219 1309 2249 tam
1334 2211 1535 2265 impeditis
1557 2215 1639 2254 suis
1657 2215 1768 2254 rebus

331 2290 517 2344 potuisset
538 2287 676 2325 emori.

450 2361 514 2409 23,
545 2358 583 2409 4.
610 2367 650 2396 ut
683 2371 760 2395 una
783 2355 886 2394 illud
916 2353 1043 2410 quod]
1101 2355 1216 2394 Hanc
1253 2362 1434 2395 veterum
1464 2355 1556 2396 edd.
1596 2358 1768 2412 scriptu-

337 2446 424 2471 ram
457 2430 596 2483 optimi
635 2428 751 2467 codd.
801 2427 925 2486 nostri
954 2433 1132 2464 tuentur.
1199 2427 1321 2477 Quod
1349 2427 1536 2478 Grae-vio,
1562 2428 1768 2482 Ernestio‚

337 2504 492 2544 Orellio
521 2502 689 2556 placuit:
720 2508 763 2538 ut
791 2512 873 2537 ιιηα
901 2499 975 2536 illa
1001 2506 1039 2536 et
1060 2498 1169 2552 quod
1182 2527 1193 2548 ,
1223 2498 1263 2536 id
1291 2512 1336 2537 ex
1363 2505 1475 2551 parte
1501 2498 1642 2538 saltem
1663 2501 1767 2541 otio-

337 2590 426 2615 sum
457 2582 531 2625 est,
575 2572 687 2626 quasi
734 2571 892 2609 dixisset
918 2576 1080 2608 orator:
1113 2569 1309 2608 interfecit
1345 2568 1569 2620 mulierem,
1608 2579 1654 2610 ut
1687 2587 1768 2613 una

340 2646 451 2686 illam
494 2652 533 2684 et
560 2643 688 2683 filium
729 2641 993 2689 interficeret3
1032 2639 1102 2678 sed
1138 2652 1234 2678 vera
1278 2642 1494 2679 sententiae
1529 2643 1631 2681 ratio
1668 2643 1768 2683 haee

340 2727 425 2762 est:
456 2726 542 2758 tum
569 2717 753 2764 maxime,
778 2727 903 2769 quum
932 2712 1096 2767 gravida
1134 2717 1234 2764 erat,
1275 2712 1433 2752 necavit
1468 2713 1694 2767 mulierem,
1721 2722 1769 2754 ut
