1846 3178
292 180 350 226 72
893 161 1102 202 ORATIO

290 280 428 330 illam
466 283 677 337 multam
711 301 814 332 non
837 282 1152 341 commiserit,
1186 284 1425 353 accepisse
1445 283 1712 335 tamenab

291 380 396 411 rem
428 363 751 412 iudicandam
768 363 811 410 ε*
846 378 989 432 capta
1014 383 1262 433 nusquam
1279 368 1505 415 Staienus
1537 365 1711 423 eadem

287 444 393 510 lege
438 444 576 493 dixit.
682 446 954 513 Proprium
998 445 1189 496 crimen
1233 447 1362 496 illud
1411 447 1714 515 quaestionis

187 526 256 580 ¹04
288 527 395 576 eius
427 546 531 576 non
566 527 677 575 fuit.
712 527 1058 577 Fidiculanius
1089 529 1216 595 quid
1235 529 1398 579 fecisse
1428 527 1714 578 dicebatur?
1782 576 1785 581 Δ

287 607 538 675 Accepisse
583 626 610 654 a
644 608 876 657 Cluentio
910 610 958 656 H
983 610 1013 657 S
1038 626 1189 661 cccc.
1230 618 1234 622 '
1258 610 1412 659 Cuius
1442 622 1548 660 erat
1578 608 1737 665 ordi-5
1765 615 1767 618 ’

288 690 397 738 nis?
443 684 698 737 Senatorii.
783 690 897 752 Qua
945 692 1050 758 lege
1104 692 1159 740 in
1220 695 1282 739 eo'
1340 708 1516 757 genere
1559 709 1602 740 a.
1632 692 1713 740 Se-

286 781 464 817 natore
517 770 645 818 ratio
716 770 873 838 repeti
923 772 1046 820 solet
1095 772 1158 820 de
1205 771 1431 840 pecuniis
1477 784 1712 840 repetunf

288 849 389 905 dis,
435 868 492 898 ea
539 852 642 917 lege
676 865 957 910 accusatus,
1009 853 1350 902 honestissime
1403 863 1493 902 est.
1518 852 1714 903 absolu.-

290 943 382 980 tus.
462 934 583 980 Aeta
634 945 705 979 est
748 933 886 980 enim
929 938 1072 982 causa
1123 950 1261 982 more
1294 932 1574 994 maiorum,
1604 931 1712 984 sine

291 1013 360 1070 vi,
410 1012 517 1061 sine
571 1024 737 1068 meta,
794 1012 903 1060 sine
954 1013 1203 1080 periculo:
1260 1013 1392 1061 dicta
1459 1024 1509 1061 et
1568 1029 1767 1081 expo-10

285 1095 379 1142 sita
441 1106 490 1141 et
536 1092 871 1141 demonstrata
919 1107 1037 1142 sunt
1096 1094 1276 1141 omnia.
1365 1092 1583 1142 Adducti
1633 1095 1712 1147 iu-

288 1174 420 1223 dices
479 1187 621 1231 sunt,
678 1191 782 1222 non
827 1174 974 1222 modo
1029 1174 1243 1242 potuisse
1288 1174 1492 1223 honeste
1539 1176 1603 1223 ab
1655 1192 1715 1224 eo

288 1273 435 1304 reum
483 1253 832 1310 condemnari,
897 1255 987 1319 qui
1041 1273 1144 1303 non
1193 1268 1438 1323 perpetuo
1484 1255 1713 1316 sedisset,

286 1336 393 1393 sed,
429 1334 570 1383 aliud
603 1336 642 1383 si
665 1335 703 1382 is
738 1334 890 1383 iudex
916 1335 1045 1383 nihil
1065 1335 1240 1394 scisset,
1275 1335 1384 1394 nisi,
1418 1354 1548 1402 quae
1571 1355 1714 1406 prae-

286 1417 475 1466 iudicia
526 1415 587 1463 de
632 1432 690 1463 eo
722 1415 852 1463 facta
885 1431 982 1462 esse
1015 1428 1328 1473 constarent,
1360 1415 1538 1469 audire
1572 1434 1766 1486 prae-,5

189 1508 254 1557 38
290 1511 422 1548 terea
484 1497 616 1546 nihil
678 1496 915 1545 debuisse·
981 1498 1114 1544 Tum
1158 1497 1309 1544 etiam
1351 1497 1429 1544 illi
1470 1499 1715 1567 quinque,

184 1592 257 1633 105
285 1581 376 1648 qui
424 1579 776 1648 imperitorum
826 1578 1091 1626 hominum
1125 1579 1438 1628 rumusculos
1471 1584 1714 1650 aucupati

287 1674 398 1710 tum
467 1661 616 1709 illum
665 1661 1006 1718 absolverunt,
1060 1660 1159 1708 iam
1213 1677 1354 1708 suam
1397 1662 1714 1714 clementiam

287 1741 484 1791 laudari
510 1758 810 1810 magnopere
835 1742 1096 1790 nolebant:
1131 1759 1159 1789 a
1181 1741 1368 1807 quibus
1389 1742 1428 1790 si
1449 1744 1540 1810 qui
1562 1763 1714 1812 quae.

287 1837 450 1882 reret,
507 1823 806 1872 sedissentne
846 1821 1033 1870 iudices
1071 1823 1127 1869 in
1180 1822 1230 1869 C.
1265 1822 1579 1884 Fabricium,
1644 1843 1768 1880 se-20

288 1905 412 1957 disse
457 1923 506 1956 se
557 1906 805 1955 dicerent:
850 1906 889 1954 si
939 1905 1420 1973 interrogarentur„
1453 1923 1579 1956 num
1609 1925 1714 1976 quo

402 2075 465 2124 14.
499 2075 531 2113 si
561 2073 670 2112 aliud

382 2227 408 2250 ι.
436 2222 558 2250 tamen
584 2219 614 2250 A
638 2216 857 2261 Βᾱηκλμν
877 2227 971 2264 seqq.
1001 2216 1186 2250 tandemR
1206 2220 1265 2261 βγ
1273 2215 1351 2256 δεζ
1378 2217 1424 2250 ob
1450 2228 1523 2251 rem
1548 2217 1714 2251 iudican-

288 2263 367 2296 dam
400 2268 501 2307 capta
533 2274 707 2308 nusquam
735 2262 900 2295 Staienus
935 2263 1058 2296 eadem
1083 2263 1159 2307 lege
1189 2262 1282 2296 dixit
1305 2263 1610 2309 ABbefln’kno
1633 2263 1710 2297 cod.

288 2312 323 2346 S
351 2310 439 2342 Vim
477 2309 522 2344 ob
548 2321 575 2342 r.
603 2309 676 2341 iud.
705 2314 842 2353 captam
869 2320 1042 2354 nusquam
1069 2308 1117 2342 St
1144 2308 1220 2341 ead
1248 2310 1274 2347 l
1294 2309 1326 2342 d.
1354 2308 1638 2355 cgfiydecqar
1661 2310 1709 2341 ob

288 2367 316 2391 r
343 2356 418 2393 iud
451 2356 638 2400 pecuniam
673 2366 777 2400 quam
814 2361 952 2399 captam
982 2366 1158 2400 nusquam
1193 2355 1241 2388 St.
1267 2356 1492 2400 θκλμνοπ
1583 2356 1643 2392 ob.
1682 2368 1709 2391 r.

287 2401 372 2434 iud.
398 2402 582 2445 pecuniam
626 2413 730 2446 quam
766 2401 952 2442 Staienus,
995 2402 1058 2447 qni
1093 2412 1231 2435 causam
1264 2413 1436 2446 nusquam
1475 2401 1599 2434 eadem
1632 2402 1710 2447 lege

288 2447 382 2480 dixit
406 2450 455 2493 ξρ
582 2450 611 2482 3
638 2448 772 2480 crimen
796 2459 859 2480 om.
885 2449 922 2481 B.
1039 2448 1070 2491 4.
1097 2449 1238 2481 iecisset
1261 2447 1675 2493 hcdesghiklmnou
1691 2460 1711 2481 ν

288 2494 320 2527 5.
354 2494 530 2539 accepisse
568 2504 588 2526 a
615 2494 781 2527 Cluentio
814 2495 871 2528 HS
896 2493 1012 2527 CCCC
1041 2506 1105 2527 om.
1133 2496 1174 2528 11
1195 2502 1340 2540 praeter·
1363 2495 1434 2527 AB
1571 2494 1711 2538 CCCC}

285 2556 426 2590 XLCD
455 2558 473 2596 ξ
569 2556 654 2589 CCC
679 2555 759 2595 δεζ
857 2568 910 2594 ιο,
932 2562 1029 2588 metu
1055 2555 1162 2602 bcfn
1185 2556 1262 2590 sine
1287 2564 1370 2589 ante
1394 2557 1553 2600 periculo
1578 2568 1645 2591 om.
1666 2557 1710 2592 B.

290 2614 344 2636 ιι.
371 2603 468 2643 prius
496 2608 531 2636 et
559 2615 621 2636 om.
642 2602 700 2636 Fr.
730 2615 755 2635 ι.
784 2613 824 2638 π.
942 2602 1086 2636 adducti
1114 2603 1465 2648 ΑΒεζηκλμξοπ
1560 2602 1710 2636 abducti

287 2646 561 2693 bedesghuv
654 2648 798 2682 addocti
822 2648 1003 2695 ι’γδρστ
1074 2649 1124 2692 14.
1149 2648 1248 2681 aliud
1275 2650 1305 2682 si
1331 2648 1398 2682 AB
1498 2649 1597 2682 aliud
1623 2646 1711 2682 bed

287 2693 527 2738 efghikno
620 2697 648 2729 si
674 2695 774 2728 aliud
807 2697 877 2730 Ro
979 2696 1030 2729 15.
1068 2699 1244 2729 constaret
1266 2696 1285 2735 ξ
1380 2706 1431 2741 ¹7·
1457 2696 1484 2728 ii
1506 2696 1707 2741 peritorum

286 2739 565 2787 edefginov.
663 2744 711 2777 18.
740 2741 957 2777 dementiam
982 2742 1050 2776 AB
