<?xml version="1.0" encoding="UTF-8"?>
<!DOCTYPE html PUBLIC "-//W3C//DTD XHTML 1.0 Transitional//EN"
    "http://www.w3.org/TR/xhtml1/DTD/xhtml1-transitional.dtd">
<html xmlns="http://www.w3.org/1999/xhtml" xml:lang="en" lang="en">
 <head>
  <title>
</title>
<meta http-equiv="Content-Type" content="text/html;charset=utf-8" />
  <meta name='ocr-system' content='tesseract 3.04.00' />
  <meta name='ocr-capabilities' content='ocr_page ocr_carea ocr_par ocr_line ocrx_word'/>
</head>
<body>
  <div class='ocr_page' id='page_1' title='image "./procluentiolatin00ciceuoft/procluentiolatin00ciceuoft_0061.png"; bbox 0 0 1846 3178; ppageno 0'>
   <div class='ocr_carea' id='block_1_1' title="bbox 0 0 30 147">
    <p class='ocr_par' dir='ltr' id='par_1_1' title="bbox 0 0 30 126">
     <span class='ocr_line' id='line_1_1' title="bbox 0 0 30 87; baseline -0.033 0"><span class='ocrx_word' id='word_1_1' title='bbox 0 0 30 87; x_wconf 62' lang='lat' dir='ltr'><strong>E!</strong></span> 
     </span>
     <span class='ocr_line' id='line_1_2' title="bbox 3 90 24 112; baseline 0 -7"><span class='ocrx_word' id='word_1_2' title='bbox 3 90 24 112; x_wconf 50' lang='grc' dir='ltr'><strong>ῖς</strong></span> 
     </span>
     <span class='ocr_line' id='line_1_3' title="bbox 3 115 6 126; baseline 0 0"><span class='ocrx_word' id='word_1_3' title='bbox 3 115 6 126; x_wconf 84' lang='grc'>1</span> 
     </span>
    </p>

    <p class='ocr_par' dir='ltr' id='par_1_2' title="bbox 8 128 29 147">
     <span class='ocr_line' id='line_1_4' title="bbox 8 128 29 147; baseline 0.048 -1"><span class='ocrx_word' id='word_1_4' title='bbox 8 128 29 147; x_wconf 48' lang='grc'><strong>,51</strong></span> 
     </span>
    </p>
   </div>
   <div class='ocr_carea' id='block_1_2' title="bbox 0 215 1647 2055">
    <p class='ocr_par' dir='ltr' id='par_1_3' title="bbox 0 215 1647 2055">
     <span class='ocr_line' id='line_1_5' title="bbox 0 215 24 238; baseline 0 0"><span class='ocrx_word' id='word_1_5' title='bbox 0 215 24 238; x_wconf 62' lang='grc' dir='ltr'><strong>’Ἡ</strong></span> 
     </span>
     <span class='ocr_line' id='line_1_6' title="bbox 2 243 1575 325; baseline 0.001 -16"><span class='ocrx_word' id='word_1_6' title='bbox 2 243 21 263; x_wconf 27' lang='grc' dir='ltr'><strong>’Ἰ</strong></span> <span class='ocrx_word' id='word_1_7' title='bbox 121 273 335 324; x_wconf 57' lang='lat' dir='ltr'><em>w</em></span> <span class='ocrx_word' id='word_1_8' title='bbox 378 259 678 321; x_wconf 71' lang='lat' dir='ltr'><strong>similitudo.</strong></span> <span class='ocrx_word' id='word_1_9' title='bbox 748 261 926 325; x_wconf 88' lang='lat' dir='ltr'><strong>Quum</strong></span> <span class='ocrx_word' id='word_1_10' title='bbox 973 260 1049 308; x_wconf 88' lang='lat' dir='ltr'><strong>illi</strong></span> <span class='ocrx_word' id='word_1_11' title='bbox 1099 259 1168 308; x_wconf 89' lang='lat' dir='ltr'><strong>ita</strong></span> <span class='ocrx_word' id='word_1_12' title='bbox 1214 259 1463 319; x_wconf 83' lang='lat' dir='ltr'><strong>viverent,</strong></span> <span class='ocrx_word' id='word_1_13' title='bbox 1512 273 1575 312; x_wconf 83' lang='lat' dir='ltr'><strong>ut</strong></span> 
     </span>
     <span class='ocr_line' id='line_1_7' title="bbox 100 334 1577 412; baseline 0.001 -22"><span class='ocrx_word' id='word_1_14' title='bbox 100 334 326 412; x_wconf 47' lang='lat' dir='ltr'><strong>uquam</strong></span> <span class='ocrx_word' id='word_1_15' title='bbox 344 354 613 410; x_wconf 84' lang='lat' dir='ltr'><strong>quaestum</strong></span> <span class='ocrx_word' id='word_1_16' title='bbox 635 355 840 411; x_wconf 85' lang='lat' dir='ltr'>turpem</span> <span class='ocrx_word' id='word_1_17' title='bbox 861 361 962 392; x_wconf 90' lang='lat' dir='ltr'><strong>esse</strong></span> <span class='ocrx_word' id='word_1_18' title='bbox 984 344 1381 393; x_wconf 76' lang='lat' dir='ltr'><strong>arbitrarentur:</strong></span> <span class='ocrx_word' id='word_1_19' title='bbox 1409 361 1577 408; x_wconf 87' lang='lat' dir='ltr'><strong>quum</strong></span> 
     </span>
     <span class='ocr_line' id='line_1_8' title="bbox 0 367 1577 492; baseline -0.003 -15"><span class='ocrx_word' id='word_1_20' title='bbox 0 367 25 461; x_wconf 13' lang='lat' dir='ltr'><strong>&#39;V</strong></span> <span class='ocrx_word' id='word_1_21' title='bbox 116 413 380 486; x_wconf 62' lang='lat' dir='ltr'><strong>misab</strong></span> <span class='ocrx_word' id='word_1_22' title='bbox 415 424 476 474; x_wconf 90' lang='lat' dir='ltr'><strong>iis</strong></span> <span class='ocrx_word' id='word_1_23' title='bbox 510 424 669 484; x_wconf 86' lang='lat' dir='ltr'><strong>fraus,</strong></span> <span class='ocrx_word' id='word_1_24' title='bbox 706 444 879 476; x_wconf 91' lang='lat' dir='ltr'><strong>omnes</strong></span> <span class='ocrx_word' id='word_1_25' title='bbox 904 427 1116 476; x_wconf 84' lang='lat' dir='ltr'><strong>insidiae</strong></span> <span class='ocrx_word' id='word_1_26' title='bbox 1150 426 1577 492; x_wconf 67' lang='lat' dir='ltr'><strong>circumscriptio-</strong></span> 
     </span>
     <span class='ocr_line' id='line_1_9' title="bbox 117 504 1576 575; baseline 0.001 -21"><span class='ocrx_word' id='word_1_27' title='bbox 117 522 307 573; x_wconf 77' lang='lat' dir='ltr'><strong>nesque</strong></span> <span class='ocrx_word' id='word_1_28' title='bbox 328 504 727 556; x_wconf 89' lang='lat' dir='ltr'><strong>adolescentium</strong></span> <span class='ocrx_word' id='word_1_29' title='bbox 753 521 1104 570; x_wconf 80' lang='lat' dir='ltr'><strong>nascerentur3</strong></span> <span class='ocrx_word' id='word_1_30' title='bbox 1126 524 1392 575; x_wconf 82' lang='lat' dir='ltr'><strong>quumque</strong></span> <span class='ocrx_word' id='word_1_31' title='bbox 1414 519 1576 556; x_wconf 89' lang='lat' dir='ltr'><strong>essent</strong></span> 
     </span>
     <span class='ocr_line' id='line_1_10' title="bbox 88 586 1568 656; baseline -0.001 -20"><span class='ocrx_word' id='word_1_32' title='bbox 88 586 251 648; x_wconf 46' lang='lat' dir='ltr'><strong>,vitiis</strong></span> <span class='ocrx_word' id='word_1_33' title='bbox 303 599 458 655; x_wconf 87' lang='lat' dir='ltr'><strong>atque</strong></span> <span class='ocrx_word' id='word_1_34' title='bbox 503 587 832 656; x_wconf 83' lang='lat' dir='ltr'><strong>improbitate</strong></span> <span class='ocrx_word' id='word_1_35' title='bbox 877 589 1116 638; x_wconf 89' lang='lat' dir='ltr'><strong>omnibus</strong></span> <span class='ocrx_word' id='word_1_36' title='bbox 1151 589 1285 637; x_wconf 90' lang='lat' dir='ltr'><strong>noti:</strong></span> <span class='ocrx_word' id='word_1_37' title='bbox 1335 586 1568 645; x_wconf 88' lang='lat' dir='ltr'><strong>studiose,</strong></span> 
     </span>
     <span class='ocr_line' id='line_1_11' title="bbox 116 665 1572 730; baseline -0.001 -11"><span class='ocrx_word' id='word_1_38' title='bbox 116 679 180 730; x_wconf 70' lang='lat' dir='ltr'><strong>ut</strong></span> <span class='ocrx_word' id='word_1_39' title='bbox 206 665 345 727; x_wconf 83' lang='lat' dir='ltr'>dixi,</span> <span class='ocrx_word' id='word_1_40' title='bbox 397 667 464 717; x_wconf 89' lang='lat' dir='ltr'><strong>ad</strong></span> <span class='ocrx_word' id='word_1_41' title='bbox 507 688 687 719; x_wconf 87' lang='lat' dir='ltr'><strong>eorum</strong></span> <span class='ocrx_word' id='word_1_42' title='bbox 718 687 769 719; x_wconf 89' lang='lat' dir='ltr'><strong>se</strong></span> <span class='ocrx_word' id='word_1_43' title='bbox 813 669 1217 719; x_wconf 81' lang='lat' dir='ltr'><strong>familiaritatem</strong></span> <span class='ocrx_word' id='word_1_44' title='bbox 1261 669 1436 718; x_wconf 86' lang='lat' dir='ltr'><strong>multis</strong></span> <span class='ocrx_word' id='word_1_45' title='bbox 1469 670 1572 718; x_wconf 88' lang='lat' dir='ltr'><strong>iam</strong></span> 
     </span>
     <span class='ocr_line' id='line_1_12' title="bbox 63 750 1647 821; baseline -0.001 -18"><span class='ocrx_word' id='word_1_46' title='bbox 63 766 67 769; x_wconf 83' lang='grc'><strong>“</strong></span> <span class='ocrx_word' id='word_1_47' title='bbox 115 764 236 805; x_wconf 81' lang='lat' dir='ltr'><strong>ante</strong></span> <span class='ocrx_word' id='word_1_48' title='bbox 268 751 416 801; x_wconf 74' lang='lat' dir='ltr'><strong>annis</strong></span> <span class='ocrx_word' id='word_1_49' title='bbox 441 753 757 821; x_wconf 87' lang='lat' dir='ltr'><strong>Oppianicus</strong></span> <span class='ocrx_word' id='word_1_50' title='bbox 790 750 1087 819; x_wconf 85' lang='lat' dir='ltr'><strong>applicarat.</strong></span> <span class='ocrx_word' id='word_1_51' title='bbox 1155 754 1336 818; x_wconf 85' lang='lat' dir='ltr'><strong>Itaque</strong></span> <span class='ocrx_word' id='word_1_52' title='bbox 1366 764 1475 800; x_wconf 88' lang='lat' dir='ltr'><strong>tum</strong></span> <span class='ocrx_word' id='word_1_53' title='bbox 1499 753 1568 802; x_wconf 88' lang='lat' dir='ltr'><strong>sic</strong></span> <span class='ocrx_word' id='word_1_54' title='bbox 1596 755 1647 810; x_wconf 76' lang='grc'><strong>47</strong></span> 
     </span>
     <span class='ocr_line' id='line_1_13' title="bbox 114 831 1572 904; baseline -0.001 -20"><span class='ocrx_word' id='word_1_55' title='bbox 114 834 320 893; x_wconf 76' lang='lat' dir='ltr'><strong>statuit,</strong></span> <span class='ocrx_word' id='word_1_56' title='bbox 351 852 446 904; x_wconf 87' lang='lat' dir='ltr'><strong>per</strong></span> <span class='ocrx_word' id='word_1_57' title='bbox 479 836 530 884; x_wconf 91' lang='lat' dir='ltr'><strong>C.</strong></span> <span class='ocrx_word' id='word_1_58' title='bbox 565 834 860 882; x_wconf 80' lang='lat' dir='ltr'><strong>Fabricium</strong></span> <span class='ocrx_word' id='word_1_59' title='bbox 893 831 1040 895; x_wconf 88' lang='lat' dir='ltr'><strong>(nam</strong></span> <span class='ocrx_word' id='word_1_60' title='bbox 1075 834 1127 880; x_wconf 90' lang='lat' dir='ltr'><strong>L.</strong></span> <span class='ocrx_word' id='word_1_61' title='bbox 1164 846 1274 882; x_wconf 83' lang='lat' dir='ltr'><strong>erat</strong></span> <span class='ocrx_word' id='word_1_62' title='bbox 1307 835 1572 895; x_wconf 82' lang='lat' dir='ltr'><strong>mortuus)</strong></span> 
     </span>
     <span class='ocr_line' id='line_1_14' title="bbox 115 913 1574 984; baseline 0 -18"><span class='ocrx_word' id='word_1_63' title='bbox 115 915 324 967; x_wconf 82' lang='lat' dir='ltr'><strong>iusidias</strong></span> <span class='ocrx_word' id='word_1_64' title='bbox 347 915 535 966; x_wconf 89' lang='lat' dir='ltr'><strong>Habito</strong></span> <span class='ocrx_word' id='word_1_65' title='bbox 571 932 880 984; x_wconf 86' lang='lat' dir='ltr'><strong>comparare.</strong></span> <span class='ocrx_word' id='word_1_66' title='bbox 949 917 1074 963; x_wconf 86' lang='lat' dir='ltr'><strong>Erat</strong></span> <span class='ocrx_word' id='word_1_67' title='bbox 1109 915 1198 964; x_wconf 90' lang='lat' dir='ltr'><strong>illo</strong></span> <span class='ocrx_word' id='word_1_68' title='bbox 1236 913 1462 984; x_wconf 83' lang='lat' dir='ltr'><strong>tempore</strong></span> <span class='ocrx_word' id='word_1_69' title='bbox 1497 917 1574 966; x_wconf 91' lang='lat' dir='ltr'><strong>in-</strong></span> 
     </span>
     <span class='ocr_line' id='line_1_15' title="bbox 66 997 1574 1058; baseline -0.003 -5"><span class='ocrx_word' id='word_1_70' title='bbox 66 999 264 1058; x_wconf 72' lang='lat' dir='ltr'><strong>infirma</strong></span> <span class='ocrx_word' id='word_1_71' title='bbox 296 997 590 1048; x_wconf 85' lang='lat' dir='ltr'><strong>valetudine</strong></span> <span class='ocrx_word' id='word_1_72' title='bbox 607 999 837 1047; x_wconf 87' lang='lat' dir='ltr'><strong>Habitus.</strong></span> <span class='ocrx_word' id='word_1_73' title='bbox 906 998 1161 1046; x_wconf 83' lang='lat' dir='ltr'><strong>Utebatur</strong></span> <span class='ocrx_word' id='word_1_74' title='bbox 1184 1011 1355 1046; x_wconf 84' lang='lat' dir='ltr'><strong>autem</strong></span> <span class='ocrx_word' id='word_1_75' title='bbox 1378 998 1574 1049; x_wconf 85' lang='lat' dir='ltr'><strong>medico</strong></span> 
     </span>
     <span class='ocr_line' id='line_1_16' title="bbox 113 1079 1571 1150; baseline 0 -20"><span class='ocrx_word' id='word_1_76' title='bbox 113 1081 352 1149; x_wconf 72' lang='lat' dir='ltr'><strong>ignobili,</strong></span> <span class='ocrx_word' id='word_1_77' title='bbox 384 1080 473 1130; x_wconf 85' lang='lat' dir='ltr'><strong>sed</strong></span> <span class='ocrx_word' id='word_1_78' title='bbox 506 1093 730 1150; x_wconf 87' lang='lat' dir='ltr'><strong>spectato</strong></span> <span class='ocrx_word' id='word_1_79' title='bbox 769 1079 997 1141; x_wconf 83' lang='lat' dir='ltr'><strong>homine,</strong></span> <span class='ocrx_word' id='word_1_80' title='bbox 1035 1080 1378 1148; x_wconf 86' lang='lat' dir='ltr'><strong>Cleophanto:</strong></span> <span class='ocrx_word' id='word_1_81' title='bbox 1425 1081 1571 1131; x_wconf 88' lang='lat' dir='ltr'><strong>cuius</strong></span> 
     </span>
     <span class='ocr_line' id='line_1_17' title="bbox 109 1161 1572 1231; baseline 0.001 -19"><span class='ocrx_word' id='word_1_82' title='bbox 109 1168 312 1221; x_wconf 76' lang='lat' dir='ltr'><strong>servum</strong></span> <span class='ocrx_word' id='word_1_83' title='bbox 345 1163 627 1231; x_wconf 82' lang='lat' dir='ltr'><strong>Diogenem</strong></span> <span class='ocrx_word' id='word_1_84' title='bbox 668 1161 933 1210; x_wconf 82' lang='lat' dir='ltr'><strong>Fabricius</strong></span> <span class='ocrx_word' id='word_1_85' title='bbox 978 1162 1040 1210; x_wconf 86' lang='lat' dir='ltr'><strong>ad</strong></span> <span class='ocrx_word' id='word_1_86' title='bbox 1093 1180 1348 1225; x_wconf 86' lang='lat' dir='ltr'><strong>venenum</strong></span> <span class='ocrx_word' id='word_1_87' title='bbox 1383 1165 1572 1214; x_wconf 84' lang='lat' dir='ltr'><strong>Habito</strong></span> 
     </span>
     <span class='ocr_line' id='line_1_18' title="bbox 70 1242 1572 1315; baseline 0.003 -21"><span class='ocrx_word' id='word_1_88' title='bbox 70 1242 343 1314; x_wconf 18' lang='lat' dir='ltr'><strong>«dandum</strong></span> <span class='ocrx_word' id='word_1_89' title='bbox 375 1264 462 1315; x_wconf 87' lang='lat' dir='ltr'><strong>spe</strong></span> <span class='ocrx_word' id='word_1_90' title='bbox 506 1259 557 1296; x_wconf 92' lang='lat' dir='ltr'><strong>et</strong></span> <span class='ocrx_word' id='word_1_91' title='bbox 606 1246 770 1314; x_wconf 86' lang='lat' dir='ltr'><strong>pretio</strong></span> <span class='ocrx_word' id='word_1_92' title='bbox 816 1245 1090 1294; x_wconf 87' lang='lat' dir='ltr'><strong>sollicitare</strong></span> <span class='ocrx_word' id='word_1_93' title='bbox 1141 1246 1321 1313; x_wconf 87' lang='lat' dir='ltr'><strong>coepit.</strong></span> <span class='ocrx_word' id='word_1_94' title='bbox 1393 1249 1572 1298; x_wconf 78' lang='lat' dir='ltr'><strong>Servus</strong></span> 
     </span>
     <span class='ocr_line' id='line_1_19' title="bbox 113 1327 1571 1398; baseline 0.001 -20"><span class='ocrx_word' id='word_1_95' title='bbox 113 1345 222 1379; x_wconf 86' lang='lat' dir='ltr'><strong>non</strong></span> <span class='ocrx_word' id='word_1_96' title='bbox 266 1328 566 1387; x_wconf 87' lang='lat' dir='ltr'><strong>incallidus,</strong></span> <span class='ocrx_word' id='word_1_97' title='bbox 613 1340 688 1387; x_wconf 90' lang='lat' dir='ltr'><strong>et,</strong></span> <span class='ocrx_word' id='word_1_98' title='bbox 738 1339 798 1377; x_wconf 90' lang='lat' dir='ltr'><strong>ut</strong></span> <span class='ocrx_word' id='word_1_99' title='bbox 834 1345 910 1376; x_wconf 86' lang='lat' dir='ltr'><strong>res</strong></span> <span class='ocrx_word' id='word_1_100' title='bbox 945 1328 1050 1395; x_wconf 88' lang='lat' dir='ltr'><strong>ipsa</strong></span> <span class='ocrx_word' id='word_1_101' title='bbox 1087 1327 1387 1383; x_wconf 83' lang='lat' dir='ltr'><strong>declaravit,</strong></span> <span class='ocrx_word' id='word_1_102' title='bbox 1433 1329 1571 1398; x_wconf 84' lang='lat' dir='ltr'><strong>frugi</strong></span> 
     </span>
     <span class='ocr_line' id='line_1_20' title="bbox 62 1408 1571 1481; baseline -0.002 -19"><span class='ocrx_word' id='word_1_103' title='bbox 62 1411 270 1479; x_wconf 52' lang='lat' dir='ltr'><strong>fiatque</strong></span> <span class='ocrx_word' id='word_1_104' title='bbox 302 1411 549 1481; x_wconf 62' lang='lat' dir='ltr'><strong>integer,-</strong></span> <span class='ocrx_word' id='word_1_105' title='bbox 573 1425 856 1458; x_wconf 89' lang='lat' dir='ltr'><strong>sermonem</strong></span> <span class='ocrx_word' id='word_1_106' title='bbox 891 1408 1111 1456; x_wconf 85' lang='lat' dir='ltr'><strong>Fabricii</strong></span> <span class='ocrx_word' id='word_1_107' title='bbox 1150 1427 1256 1456; x_wconf 90' lang='lat' dir='ltr'><strong>non</strong></span> <span class='ocrx_word' id='word_1_108' title='bbox 1290 1421 1362 1457; x_wconf 86' lang='lat' dir='ltr'><strong>est</strong></span> <span class='ocrx_word' id='word_1_109' title='bbox 1396 1427 1571 1478; x_wconf 88' lang='lat' dir='ltr'><strong>asper-</strong></span> 
     </span>
     <span class='ocr_line' id='line_1_21' title="bbox 112 1487 1572 1558; baseline 0.001 -17"><span class='ocrx_word' id='word_1_110' title='bbox 112 1505 286 1542; x_wconf 86' lang='lat' dir='ltr'><strong>natus:</strong></span> <span class='ocrx_word' id='word_1_111' title='bbox 323 1509 432 1542; x_wconf 87' lang='lat' dir='ltr'><strong>rem</strong></span> <span class='ocrx_word' id='word_1_112' title='bbox 466 1489 532 1539; x_wconf 87' lang='lat' dir='ltr'><strong>ad</strong></span> <span class='ocrx_word' id='word_1_113' title='bbox 566 1489 835 1538; x_wconf 78' lang='lat' dir='ltr'><strong>dominum</strong></span> <span class='ocrx_word' id='word_1_114' title='bbox 864 1487 1074 1538; x_wconf 89' lang='lat' dir='ltr'><strong>detulit:</strong></span> <span class='ocrx_word' id='word_1_115' title='bbox 1112 1490 1457 1558; x_wconf 83' lang='lat' dir='ltr'><strong>Cleophantus</strong></span> <span class='ocrx_word' id='word_1_116' title='bbox 1481 1511 1572 1542; x_wconf 84' lang='lat' dir='ltr'><strong>au-</strong></span> 
     </span>
     <span class='ocr_line' id='line_1_22' title="bbox 114 1573 1569 1633; baseline 0.003 -11"><span class='ocrx_word' id='word_1_117' title='bbox 114 1586 217 1633; x_wconf 62' lang='lat' dir='ltr'><strong>mm</strong></span> <span class='ocrx_word' id='word_1_118' title='bbox 256 1591 377 1623; x_wconf 90' lang='lat' dir='ltr'><strong>cum</strong></span> <span class='ocrx_word' id='word_1_119' title='bbox 421 1573 611 1622; x_wconf 87' lang='lat' dir='ltr'><strong>Habito</strong></span> <span class='ocrx_word' id='word_1_120' title='bbox 657 1585 730 1622; x_wconf 85' lang='lat' dir='ltr'><strong>est</strong></span> <span class='ocrx_word' id='word_1_121' title='bbox 775 1573 1069 1622; x_wconf 88' lang='lat' dir='ltr'><strong>collocutus.</strong></span> <span class='ocrx_word' id='word_1_122' title='bbox 1135 1574 1355 1623; x_wconf 82' lang='lat' dir='ltr'><strong>Habitus</strong></span> <span class='ocrx_word' id='word_1_123' title='bbox 1397 1578 1569 1628; x_wconf 87' lang='lat' dir='ltr'><strong>statim</strong></span> 
     </span>
     <span class='ocr_line' id='line_1_23' title="bbox 110 1655 1569 1716; baseline 0.001 -9"><span class='ocrx_word' id='word_1_124' title='bbox 110 1674 231 1716; x_wconf 70' lang='lat' dir='ltr'><strong>cum</strong></span> <span class='ocrx_word' id='word_1_125' title='bbox 254 1659 323 1707; x_wconf 81' lang='lat' dir='ltr'><strong>M.</strong></span> <span class='ocrx_word' id='word_1_126' title='bbox 353 1655 534 1705; x_wconf 87' lang='lat' dir='ltr'><strong>Baebio</strong></span> <span class='ocrx_word' id='word_1_127' title='bbox 560 1657 823 1716; x_wconf 79' lang='lat' dir='ltr'><strong>Senator-e,</strong></span> <span class='ocrx_word' id='word_1_128' title='bbox 859 1655 1250 1705; x_wconf 87' lang='lat' dir='ltr'><strong>familiarissimo</strong></span> <span class='ocrx_word' id='word_1_129' title='bbox 1283 1675 1399 1715; x_wconf 87' lang='lat' dir='ltr'><strong>suo,</strong></span> <span class='ocrx_word' id='word_1_130' title='bbox 1435 1677 1569 1709; x_wconf 87' lang='lat' dir='ltr'><strong>com-</strong></span> 
     </span>
     <span class='ocr_line' id='line_1_24' title="bbox 109 1738 1568 1808; baseline 0.003 -21"><span class='ocrx_word' id='word_1_131' title='bbox 109 1739 415 1795; x_wconf 85' lang='lat' dir='ltr'><strong>municavit:</strong></span> <span class='ocrx_word' id='word_1_132' title='bbox 450 1739 543 1805; x_wconf 92' lang='lat' dir='ltr'><strong>qui</strong></span> <span class='ocrx_word' id='word_1_133' title='bbox 572 1757 675 1807; x_wconf 83' lang='lat' dir='ltr'><strong>qua</strong></span> <span class='ocrx_word' id='word_1_134' title='bbox 711 1738 836 1797; x_wconf 85' lang='lat' dir='ltr'><strong>fide,</strong></span> <span class='ocrx_word' id='word_1_135' title='bbox 872 1757 975 1806; x_wconf 86' lang='lat' dir='ltr'><strong>qua</strong></span> <span class='ocrx_word' id='word_1_136' title='bbox 1011 1739 1314 1808; x_wconf 79' lang='lat' dir='ltr'><strong>prudentia,</strong></span> <span class='ocrx_word' id='word_1_137' title='bbox 1351 1759 1454 1808; x_wconf 86' lang='lat' dir='ltr'><strong>qua</strong></span> <span class='ocrx_word' id='word_1_138' title='bbox 1491 1742 1568 1792; x_wconf 90' lang='lat' dir='ltr'><strong>di-</strong></span> 
     </span>
     <span class='ocr_line' id='line_1_25' title="bbox 54 1819 1567 1894; baseline 0.003 -22"><span class='ocrx_word' id='word_1_139' title='bbox 54 1819 320 1887; x_wconf 72' lang='lat' dir='ltr'><strong>noligentia</strong></span> <span class='ocrx_word' id='word_1_140' title='bbox 344 1820 527 1880; x_wconf 85' lang='lat' dir='ltr'><strong>fuerit,</strong></span> <span class='ocrx_word' id='word_1_141' title='bbox 562 1821 845 1894; x_wconf 80' lang='lat' dir='ltr'><strong>meminisse</strong></span> <span class='ocrx_word' id='word_1_142' title='bbox 869 1838 952 1869; x_wconf 87' lang='lat' dir='ltr'><strong>vos</strong></span> <span class='ocrx_word' id='word_1_143' title='bbox 977 1821 1213 1871; x_wconf 80' lang='lat' dir='ltr'><strong>arbitror.</strong></span> <span class='ocrx_word' id='word_1_144' title='bbox 1283 1824 1359 1890; x_wconf 25' lang='lat' dir='ltr'><strong>Ei*</strong></span> <span class='ocrx_word' id='word_1_145' title='bbox 1369 1826 1567 1893; x_wconf 86' lang='lat' dir='ltr'><strong>placuit</strong></span> 
     </span>
     <span class='ocr_line' id='line_1_26' title="bbox 109 1896 1563 1975; baseline 0.006 -25"><span class='ocrx_word' id='word_1_146' title='bbox 109 1912 172 1958; x_wconf 83' lang='lat' dir='ltr'><strong>ut</strong></span> <span class='ocrx_word' id='word_1_147' title='bbox 201 1900 481 1969; x_wconf 83' lang='lat' dir='ltr'><strong>Diogenem</strong></span> <span class='ocrx_word' id='word_1_148' title='bbox 515 1901 736 1951; x_wconf 88' lang='lat' dir='ltr'><strong>Habitus</strong></span> <span class='ocrx_word' id='word_1_149' title='bbox 766 1896 955 1950; x_wconf 77' lang='lat' dir='ltr'><strong>emeret</strong></span> <span class='ocrx_word' id='word_1_150' title='bbox 987 1919 1016 1949; x_wconf 82' lang='lat' dir='ltr'><strong>a</strong></span> <span class='ocrx_word' id='word_1_151' title='bbox 1051 1901 1366 1971; x_wconf 88' lang='lat' dir='ltr'><strong>Cleophanto</strong></span> <span class='ocrx_word' id='word_1_152' title='bbox 1385 1943 1396 1965; x_wconf 95' lang='lat'><strong>,</strong></span> <span class='ocrx_word' id='word_1_153' title='bbox 1456 1927 1563 1975; x_wconf 85' lang='lat' dir='ltr'><strong>quo</strong></span> 
     </span>
     <span class='ocr_line' id='line_1_27' title="bbox 107 1982 1564 2055; baseline 0.005 -21"><span class='ocrx_word' id='word_1_154' title='bbox 107 1982 311 2034; x_wconf 81' lang='lat' dir='ltr'><strong>facilius</strong></span> <span class='ocrx_word' id='word_1_155' title='bbox 333 1998 426 2036; x_wconf 89' lang='lat' dir='ltr'><strong>aut</strong></span> <span class='ocrx_word' id='word_1_156' title='bbox 448 1984 967 2055; x_wconf 84' lang='lat' dir='ltr'><strong>comprehenderetur</strong></span> <span class='ocrx_word' id='word_1_157' title='bbox 991 2002 1067 2034; x_wconf 90' lang='lat' dir='ltr'><strong>res</strong></span> <span class='ocrx_word' id='word_1_158' title='bbox 1089 1985 1196 2035; x_wconf 92' lang='lat' dir='ltr'><strong>eius</strong></span> <span class='ocrx_word' id='word_1_159' title='bbox 1221 1987 1436 2045; x_wconf 90' lang='lat' dir='ltr'><strong>indicio,</strong></span> <span class='ocrx_word' id='word_1_160' title='bbox 1470 2003 1564 2042; x_wconf 84' lang='lat' dir='ltr'><strong>aut</strong></span> 
     </span>
    </p>
   </div>
   <div class='ocr_carea' id='block_1_3' title="bbox 582 135 1569 193">
    <p class='ocr_par' dir='ltr' id='par_1_4' title="bbox 582 135 1569 193">
     <span class='ocr_line' id='line_1_28' title="bbox 582 135 1569 193; baseline -0.004 -16"><span class='ocrx_word' id='word_1_161' title='bbox 582 135 697 193; x_wconf 66' lang='lat' dir='ltr'><strong>rao</strong></span> <span class='ocrx_word' id='word_1_162' title='bbox 726 135 782 179; x_wconf 73' lang='lat' dir='ltr'><strong>A.</strong></span> <span class='ocrx_word' id='word_1_163' title='bbox 813 135 1116 176; x_wconf 78' lang='lat' dir='ltr'><strong>cLUENTm.</strong></span> <span class='ocrx_word' id='word_1_164' title='bbox 1508 143 1569 192; x_wconf 79' lang='lat'><strong>35</strong></span> 
     </span>
    </p>
   </div>
   <div class='ocr_carea' id='block_1_4' title="bbox 220 2125 1559 2239">
    <p class='ocr_par' dir='ltr' id='par_1_5' title="bbox 220 2125 1559 2239">
     <span class='ocr_line' id='line_1_29' title="bbox 220 2125 1559 2184; baseline 0.005 -18"><span class='ocrx_word' id='word_1_165' title='bbox 220 2125 263 2166; x_wconf 78' lang='lat'><strong>3.</strong></span> <span class='ocrx_word' id='word_1_166' title='bbox 293 2125 346 2166; x_wconf 91' lang='lat' dir='ltr'><strong>ab</strong></span> <span class='ocrx_word' id='word_1_167' title='bbox 373 2126 437 2167; x_wconf 86' lang='lat' dir='ltr'><strong>his</strong></span> <span class='ocrx_word' id='word_1_168' title='bbox 582 2127 644 2180; x_wconf 77' lang='grc'>14.</span> <span class='ocrx_word' id='word_1_169' title='bbox 671 2127 768 2175; x_wconf 87' lang='lat' dir='ltr'><strong>sed,</strong></span> <span class='ocrx_word' id='word_1_170' title='bbox 799 2134 845 2166; x_wconf 84' lang='lat' dir='ltr'><strong>ut</strong></span> <span class='ocrx_word' id='word_1_171' title='bbox 874 2128 959 2181; x_wconf 84' lang='lat' dir='ltr'><strong>ipsa</strong></span> <span class='ocrx_word' id='word_1_172' title='bbox 986 2142 1049 2168; x_wconf 77' lang='lat' dir='ltr'><strong>res</strong></span> <span class='ocrx_word' id='word_1_173' title='bbox 1223 2143 1281 2184; x_wconf 80' lang='lat'><strong>¹7·</strong></span> <span class='ocrx_word' id='word_1_174' title='bbox 1313 2137 1371 2170; x_wconf 88' lang='lat' dir='ltr'><strong>est</strong></span> <span class='ocrx_word' id='word_1_175' title='bbox 1401 2130 1559 2173; x_wconf 86' lang='lat' dir='ltr'><strong>locutus</strong></span> 
     </span>
     <span class='ocr_line' id='line_1_30' title="bbox 223 2180 1135 2239; baseline 0.001 -17"><span class='ocrx_word' id='word_1_176' title='bbox 223 2180 290 2223; x_wconf 84' lang='lat'><strong>18.</strong></span> <span class='ocrx_word' id='word_1_177' title='bbox 318 2183 464 2223; x_wconf 87' lang='lat' dir='ltr'><strong>Bebrio</strong></span> <span class='ocrx_word' id='word_1_178' title='bbox 596 2198 659 2239; x_wconf 88' lang='lat'><strong>¹9·</strong></span> <span class='ocrx_word' id='word_1_179' title='bbox 688 2198 768 2238; x_wconf 86' lang='lat' dir='ltr'><strong>qua</strong></span> <span class='ocrx_word' id='word_1_180' title='bbox 796 2184 988 2238; x_wconf 83' lang='lat' dir='ltr'><strong>dignitate</strong></span> <span class='ocrx_word' id='word_1_181' title='bbox 1014 2183 1135 2223; x_wconf 81' lang='lat' dir='ltr'><strong>suerit</strong></span> 
     </span>
    </p>
   </div>
   <div class='ocr_carea' id='block_1_5' title="bbox 107 2296 1568 2818">
    <p class='ocr_par' dir='ltr' id='par_1_6' title="bbox 107 2296 1568 2818">
     <span class='ocr_line' id='line_1_31' title="bbox 206 2296 1557 2344; baseline 0.005 -15"><span class='ocrx_word' id='word_1_182' title='bbox 206 2307 232 2330; x_wconf 87' lang='grc'>1.</span> <span class='ocrx_word' id='word_1_183' title='bbox 261 2297 312 2330; x_wconf 83' lang='lat' dir='ltr'><strong>ita</strong></span> <span class='ocrx_word' id='word_1_184' title='bbox 340 2310 407 2332; x_wconf 89' lang='lat' dir='ltr'><strong>om.</strong></span> <span class='ocrx_word' id='word_1_185' title='bbox 433 2309 457 2331; x_wconf 84' lang='grc' dir='ltr'><strong><em>α</em></strong></span> <span class='ocrx_word' id='word_1_186' title='bbox 553 2311 585 2336; x_wconf 80' lang='lat'><strong>2.</strong></span> <span class='ocrx_word' id='word_1_187' title='bbox 619 2311 695 2332; x_wconf 85' lang='lat' dir='ltr'><strong>esse</strong></span> <span class='ocrx_word' id='word_1_188' title='bbox 716 2304 858 2344; x_wconf 89' lang='lat' dir='ltr'><strong>turpem</strong></span> <span class='ocrx_word' id='word_1_189' title='bbox 884 2296 950 2333; x_wconf 85' lang='lat' dir='ltr'><strong>AB</strong></span> <span class='ocrx_word' id='word_1_190' title='bbox 1044 2298 1076 2332; x_wconf 75' lang='lat'><strong>3.</strong></span> <span class='ocrx_word' id='word_1_191' title='bbox 1103 2299 1147 2332; x_wconf 84' lang='lat' dir='ltr'><strong>iis</strong></span> <span class='ocrx_word' id='word_1_192' title='bbox 1171 2298 1338 2335; x_wconf 78' lang='grc' dir='ltr'><em>ΑΒῘιίιι</em></span> <span class='ocrx_word' id='word_1_193' title='bbox 1406 2300 1462 2335; x_wconf 84' lang='lat' dir='ltr'><strong>his</strong></span> <span class='ocrx_word' id='word_1_194' title='bbox 1487 2303 1557 2336; x_wconf 75' lang='lat' dir='ltr'><strong>Ro</strong></span> 
     </span>
     <span class='ocr_line' id='line_1_32' title="bbox 109 2342 1557 2393; baseline 0.003 -15"><span class='ocrx_word' id='word_1_195' title='bbox 109 2342 143 2393; x_wconf 66' lang='grc' dir='ltr'><strong>ξ.</strong></span> <span class='ocrx_word' id='word_1_196' title='bbox 176 2343 340 2378; x_wconf 74' lang='lat' dir='ltr'><strong>studiose</strong></span> <span class='ocrx_word' id='word_1_197' title='bbox 368 2342 1284 2393; x_wconf 55' lang='lat' dir='ltr'><strong>ABdesghiklmnvssydecvtxkpaevgoot</strong></span> <span class='ocrx_word' id='word_1_198' title='bbox 1378 2349 1499 2382; x_wconf 83' lang='lat' dir='ltr'><strong>studio</strong></span> <span class='ocrx_word' id='word_1_199' title='bbox 1526 2351 1557 2383; x_wconf 85' lang='lat' dir='ltr'><em>R</em></span> 
     </span>
     <span class='ocr_line' id='line_1_33' title="bbox 111 2387 1559 2430; baseline 0.003 -6"><span class='ocrx_word' id='word_1_200' title='bbox 111 2387 189 2428; x_wconf 74' lang='lat' dir='ltr'><strong>eod.</strong></span> <span class='ocrx_word' id='word_1_201' title='bbox 212 2389 343 2425; x_wconf 79' lang='lat' dir='ltr'><strong>Dresd.</strong></span> <span class='ocrx_word' id='word_1_202' title='bbox 376 2394 411 2430; x_wconf 88' lang='lat' dir='ltr'><strong>S.</strong></span> <span class='ocrx_word' id='word_1_203' title='bbox 440 2393 529 2427; x_wconf 78' lang='lat' dir='ltr'><strong>Vict.</strong></span> <span class='ocrx_word' id='word_1_204' title='bbox 555 2395 688 2427; x_wconf 78' lang='lat' dir='ltr'><strong>Palacc.</strong></span> <span class='ocrx_word' id='word_1_205' title='bbox 729 2404 818 2425; x_wconf 80' lang='grc' dir='ltr'><strong>αοπ</strong></span> <span class='ocrx_word' id='word_1_206' title='bbox 979 2393 1012 2426; x_wconf 89' lang='grc'><strong>6.</strong></span> <span class='ocrx_word' id='word_1_207' title='bbox 1040 2403 1077 2425; x_wconf 89' lang='lat' dir='ltr'><strong>se</strong></span> <span class='ocrx_word' id='word_1_208' title='bbox 1112 2405 1167 2426; x_wconf 91' lang='lat' dir='ltr'><strong>om</strong></span> <span class='ocrx_word' id='word_1_209' title='bbox 1203 2405 1270 2427; x_wconf 73' lang='lat' dir='ltr'><strong>vn</strong></span> <span class='ocrx_word' id='word_1_210' title='bbox 1317 2400 1401 2428; x_wconf 78' lang='lat' dir='ltr'><strong>ante</strong></span> <span class='ocrx_word' id='word_1_211' title='bbox 1435 2397 1506 2428; x_wconf 80' lang='lat' dir='ltr'><strong>iam</strong></span> <span class='ocrx_word' id='word_1_212' title='bbox 1534 2408 1559 2429; x_wconf 79' lang='grc' dir='ltr'><strong>οι</strong></span> 
     </span>
     <span class='ocr_line' id='line_1_34' title="bbox 114 2437 1560 2488; baseline 0.003 -16"><span class='ocrx_word' id='word_1_213' title='bbox 114 2447 167 2472; x_wconf 71' lang='lat' dir='ltr'><strong>lo·</strong></span> <span class='ocrx_word' id='word_1_214' title='bbox 183 2437 390 2472; x_wconf 82' lang='lat' dir='ltr'><strong>valitudine</strong></span> <span class='ocrx_word' id='word_1_215' title='bbox 405 2442 447 2473; x_wconf 91' lang='lat' dir='ltr'><strong>Il</strong></span> <span class='ocrx_word' id='word_1_216' title='bbox 461 2445 625 2486; x_wconf 77' lang='lat' dir='ltr'><strong>(praeter</strong></span> <span class='ocrx_word' id='word_1_217' title='bbox 639 2453 698 2488; x_wconf 80' lang='lat' dir='ltr'><strong>pu</strong></span> <span class='ocrx_word' id='word_1_218' title='bbox 714 2454 726 2473; x_wconf 87' lang='lat'><strong>.·</strong></span> <span class='ocrx_word' id='word_1_219' title='bbox 749 2439 792 2474; x_wconf 81' lang='lat' dir='ltr'><strong>de</strong></span> <span class='ocrx_word' id='word_1_220' title='bbox 801 2437 1068 2473; x_wconf 72' lang='lat' dir='ltr'><strong>oxoniensibus</strong></span> <span class='ocrx_word' id='word_1_221' title='bbox 1085 2440 1182 2473; x_wconf 74' lang='lat' dir='ltr'><strong>nihil</strong></span> <span class='ocrx_word' id='word_1_222' title='bbox 1207 2446 1367 2485; x_wconf 74' lang='lat' dir='ltr'><strong>constat)</strong></span> <span class='ocrx_word' id='word_1_223' title='bbox 1422 2454 1431 2475; x_wconf 79' lang='lat'>1</span> <span class='ocrx_word' id='word_1_224' title='bbox 1446 2455 1471 2475; x_wconf 92' lang='grc'>1.</span> <span class='ocrx_word' id='word_1_225' title='bbox 1485 2454 1560 2476; x_wconf 87' lang='lat' dir='ltr'><strong>non</strong></span> 
     </span>
     <span class='ocr_line' id='line_1_35' title="bbox 111 2482 1562 2534; baseline 0.006 -19"><span class='ocrx_word' id='word_1_226' title='bbox 111 2482 381 2528; x_wconf 66' lang='lat' dir='ltr'><strong>ignobiliABb</strong></span> <span class='ocrx_word' id='word_1_227' title='bbox 409 2491 548 2529; x_wconf 81' lang='lat' dir='ltr'><strong>(corr.)</strong></span> <span class='ocrx_word' id='word_1_228' title='bbox 578 2500 627 2522; x_wconf 67' lang='grc' dir='ltr'><strong>ια.</strong></span> <span class='ocrx_word' id='word_1_229' title='bbox 655 2499 756 2521; x_wconf 82' lang='lat' dir='ltr'><strong>servo</strong></span> <span class='ocrx_word' id='word_1_230' title='bbox 780 2486 820 2518; x_wconf 83' lang='lat' dir='ltr'><strong>in</strong></span> <span class='ocrx_word' id='word_1_231' title='bbox 845 2486 900 2528; x_wconf 70' lang='lat' dir='ltr'><strong>(h,</strong></span> <span class='ocrx_word' id='word_1_232' title='bbox 922 2498 951 2520; x_wconf 87' lang='lat' dir='ltr'><strong>e.</strong></span> <span class='ocrx_word' id='word_1_233' title='bbox 979 2497 1141 2528; x_wconf 77' lang='lat' dir='ltr'><strong>servom,</strong></span> <span class='ocrx_word' id='word_1_234' title='bbox 1167 2488 1268 2534; x_wconf 80' lang='lat' dir='ltr'><strong>quod</strong></span> <span class='ocrx_word' id='word_1_235' title='bbox 1292 2492 1323 2522; x_wconf 89' lang='lat' dir='ltr'><em>A</em></span> <span class='ocrx_word' id='word_1_236' title='bbox 1346 2487 1506 2532; x_wconf 69' lang='lat' dir='ltr'><strong>exhibet)</strong></span> <span class='ocrx_word' id='word_1_237' title='bbox 1530 2491 1562 2524; x_wconf 82' lang='grc' dir='ltr'><strong><em>Β</em></strong></span> 
     </span>
     <span class='ocr_line' id='line_1_36' title="bbox 109 2529 1559 2580; baseline 0.003 -15"><span class='ocrx_word' id='word_1_238' title='bbox 109 2529 302 2576; x_wconf 78' lang='lat' dir='ltr'><strong>Diogenen</strong></span> <span class='ocrx_word' id='word_1_239' title='bbox 329 2533 392 2580; x_wconf 85' lang='lat' dir='ltr'><strong>Bp</strong></span> <span class='ocrx_word' id='word_1_240' title='bbox 526 2535 563 2568; x_wconf 83' lang='grc'>13</span> <span class='ocrx_word' id='word_1_241' title='bbox 602 2535 839 2568; x_wconf 78' lang='lat' dir='ltr'><strong>solicitare&#39;A</strong></span> <span class='ocrx_word' id='word_1_242' title='bbox 957 2535 1006 2578; x_wconf 76' lang='grc'>14.</span> <span class='ocrx_word' id='word_1_243' title='bbox 1045 2535 1168 2567; x_wconf 81' lang='lat' dir='ltr'><strong>etAB</strong></span> <span class='ocrx_word' id='word_1_244' title='bbox 1192 2534 1270 2568; x_wconf 84' lang='lat' dir='ltr'><strong>cod.</strong></span> <span class='ocrx_word' id='word_1_245' title='bbox 1300 2537 1334 2569; x_wconf 75' lang='lat' dir='ltr'><strong>S.</strong></span> <span class='ocrx_word' id='word_1_246' title='bbox 1352 2537 1444 2573; x_wconf 78' lang='lat' dir='ltr'><strong>Vict,</strong></span> <span class='ocrx_word' id='word_1_247' title='bbox 1494 2537 1559 2570; x_wconf 78' lang='lat' dir='ltr'><strong>sed</strong></span> 
     </span>
     <span class='ocr_line' id='line_1_37' title="bbox 110 2575 1568 2626; baseline 0.003 -15"><span class='ocrx_word' id='word_1_248' title='bbox 110 2575 184 2611; x_wconf 76' lang='grc' dir='ltr'><strong>ΒΟ</strong></span> <span class='ocrx_word' id='word_1_249' title='bbox 228 2588 284 2612; x_wconf 72' lang='lat' dir='ltr'><strong>res</strong></span> <span class='ocrx_word' id='word_1_250' title='bbox 311 2580 389 2624; x_wconf 79' lang='lat' dir='ltr'><strong>ipsa</strong></span> <span class='ocrx_word' id='word_1_251' title='bbox 414 2581 484 2615; x_wconf 84' lang='lat' dir='ltr'><strong>AB</strong></span> <span class='ocrx_word' id='word_1_252' title='bbox 531 2581 608 2626; x_wconf 80' lang='lat' dir='ltr'><strong>ipsa</strong></span> <span class='ocrx_word' id='word_1_253' title='bbox 638 2594 692 2615; x_wconf 78' lang='lat' dir='ltr'><strong>res</strong></span> <span class='ocrx_word' id='word_1_254' title='bbox 717 2582 786 2615; x_wconf 79' lang='lat' dir='ltr'><strong>Ro</strong></span> <span class='ocrx_word' id='word_1_255' title='bbox 887 2581 938 2614; x_wconf 89' lang='grc'><strong>16.</strong></span> <span class='ocrx_word' id='word_1_256' title='bbox 964 2581 1112 2613; x_wconf 84' lang='lat' dir='ltr'><strong>domum</strong></span> <span class='ocrx_word' id='word_1_257' title='bbox 1136 2582 1166 2614; x_wconf 92' lang='lat' dir='ltr'><em>B</em></span> <span class='ocrx_word' id='word_1_258' title='bbox 1267 2594 1316 2626; x_wconf 84' lang='lat'><strong>¹7·</strong></span> <span class='ocrx_word' id='word_1_259' title='bbox 1343 2594 1422 2615; x_wconf 82' lang='lat' dir='ltr'><strong>cum</strong></span> <span class='ocrx_word' id='word_1_260' title='bbox 1450 2595 1506 2616; x_wconf 84' lang='lat' dir='ltr'><strong>om</strong></span> <span class='ocrx_word' id='word_1_261' title='bbox 1546 2596 1568 2617; x_wconf 74' lang='lat' dir='ltr'><strong>a</strong></span> 
     </span>
     <span class='ocr_line' id='line_1_38' title="bbox 110 2623 1564 2675; baseline 0.003 -17"><span class='ocrx_word' id='word_1_262' title='bbox 110 2623 310 2658; x_wconf 75' lang='lat' dir='ltr'><strong>collocutus</strong></span> <span class='ocrx_word' id='word_1_263' title='bbox 332 2627 404 2661; x_wconf 82' lang='lat' dir='ltr'><strong>AB</strong></span> <span class='ocrx_word' id='word_1_264' title='bbox 504 2629 647 2663; x_wconf 84' lang='lat' dir='ltr'><strong>locutus</strong></span> <span class='ocrx_word' id='word_1_265' title='bbox 670 2628 738 2662; x_wconf 75' lang='lat' dir='ltr'><strong>Ro</strong></span> <span class='ocrx_word' id='word_1_266' title='bbox 856 2632 975 2660; x_wconf 82' lang='lat' dir='ltr'><strong>autem</strong></span> <span class='ocrx_word' id='word_1_267' title='bbox 1003 2629 1124 2660; x_wconf 79' lang='lat' dir='ltr'><strong>statim</strong></span> <span class='ocrx_word' id='word_1_268' title='bbox 1150 2627 1202 2660; x_wconf 80' lang='lat' dir='ltr'><strong>ab</strong></span> <span class='ocrx_word' id='word_1_269' title='bbox 1215 2627 1357 2675; x_wconf 77' lang='lat' dir='ltr'><strong>cdefg</strong></span> <span class='ocrx_word' id='word_1_270' title='bbox 1373 2629 1564 2664; x_wconf 80' lang='lat' dir='ltr'><strong>hiklmn</strong></span> 
     </span>
     <span class='ocr_line' id='line_1_39' title="bbox 110 2669 1558 2724; baseline 0.002 -16"><span class='ocrx_word' id='word_1_271' title='bbox 110 2669 395 2715; x_wconf 67' lang='grc' dir='ltr'><strong>οννννδζικλ</strong></span> <span class='ocrx_word' id='word_1_272' title='bbox 448 2675 531 2714; x_wconf 80' lang='grc' dir='ltr'><strong>νξο</strong></span> <span class='ocrx_word' id='word_1_273' title='bbox 596 2679 645 2710; x_wconf 81' lang='grc'>18.</span> <span class='ocrx_word' id='word_1_274' title='bbox 673 2673 824 2721; x_wconf 75' lang='lat' dir='ltr'><strong>Baebio]</strong></span> <span class='ocrx_word' id='word_1_275' title='bbox 855 2674 1037 2709; x_wconf 79' lang='lat' dir='ltr'><strong>BebioAB</strong></span> <span class='ocrx_word' id='word_1_276' title='bbox 1088 2674 1239 2707; x_wconf 71' lang='lat' dir='ltr'><strong>Bavbrio</strong></span> <span class='ocrx_word' id='word_1_277' title='bbox 1263 2677 1429 2724; x_wconf 54' lang='lat' dir='ltr'><strong>purique</strong></span> <span class='ocrx_word' id='word_1_278' title='bbox 1455 2677 1558 2711; x_wconf 82' lang='lat' dir='ltr'><strong>codd.</strong></span> 
     </span>
     <span class='ocr_line' id='line_1_40' title="bbox 108 2686 1558 2770; baseline 0.004 -20"><span class='ocrx_word' id='word_1_279' title='bbox 108 2715 283 2770; x_wconf 56' lang='lat' dir='ltr'><strong>stydecq</strong></span> <span class='ocrx_word' id='word_1_280' title='bbox 317 2686 464 2756; x_wconf 52' lang='lat' dir='ltr'><strong>Rracsslio</strong></span> <span class='ocrx_word' id='word_1_281' title='bbox 477 2733 502 2754; x_wconf 83' lang='grc' dir='ltr'>α</span> <span class='ocrx_word' id='word_1_282' title='bbox 536 2722 818 2766; x_wconf 71' lang='lat' dir='ltr'><strong>Bebrionulg.</strong></span> <span class='ocrx_word' id='word_1_283' title='bbox 871 2733 922 2767; x_wconf 78' lang='lat'><strong>¹9·</strong></span> <span class='ocrx_word' id='word_1_284' title='bbox 937 2723 1113 2766; x_wconf 81' lang='lat' dir='ltr'><strong>qua(ante</strong></span> <span class='ocrx_word' id='word_1_285' title='bbox 1127 2720 1262 2770; x_wconf 80' lang='lat' dir='ltr'><strong>dilig.)]</strong></span> <span class='ocrx_word' id='word_1_286' title='bbox 1282 2734 1414 2767; x_wconf 72' lang='lat' dir='ltr'><strong>quamn</strong></span> <span class='ocrx_word' id='word_1_287' title='bbox 1431 2724 1462 2758; x_wconf 82' lang='lat' dir='ltr'><em>B</em></span> <span class='ocrx_word' id='word_1_288' title='bbox 1498 2725 1558 2756; x_wconf 84' lang='lat' dir='ltr'><strong>‹li-</strong></span> 
     </span>
     <span class='ocr_line' id='line_1_41' title="bbox 107 2763 1557 2818; baseline 0.004 -18"><span class='ocrx_word' id='word_1_289' title='bbox 107 2763 260 2811; x_wconf 71' lang='lat' dir='ltr'><strong>ligentia</strong></span> <span class='ocrx_word' id='word_1_290' title='bbox 277 2766 346 2803; x_wconf 80' lang='lat' dir='ltr'><strong>AB</strong></span> <span class='ocrx_word' id='word_1_291' title='bbox 359 2767 379 2802; x_wconf 81' lang='lat' dir='ltr'><strong>b</strong></span> <span class='ocrx_word' id='word_1_292' title='bbox 402 2770 508 2812; x_wconf 81' lang='lat' dir='ltr'><strong>(corr</strong></span> <span class='ocrx_word' id='word_1_293' title='bbox 507 2772 540 2814; x_wconf 68' lang='lat' dir='ltr'><em>j</em></span> <span class='ocrx_word' id='word_1_294' title='bbox 563 2767 663 2804; x_wconf 77' lang='lat' dir='ltr'><strong>codd.</strong></span> <span class='ocrx_word' id='word_1_295' title='bbox 690 2769 811 2804; x_wconf 86' lang='lat' dir='ltr'><strong>Lamb.</strong></span> <span class='ocrx_word' id='word_1_296' title='bbox 859 2769 1035 2814; x_wconf 82' lang='lat' dir='ltr'><strong>dignitate</strong></span> <span class='ocrx_word' id='word_1_297' title='bbox 1057 2768 1129 2803; x_wconf 71' lang='lat' dir='ltr'><strong>Ro</strong></span> <span class='ocrx_word' id='word_1_298' title='bbox 1184 2781 1240 2806; x_wconf 81' lang='lat'><strong>21.</strong></span> <span class='ocrx_word' id='word_1_299' title='bbox 1263 2769 1453 2816; x_wconf 81' lang='lat' dir='ltr'><strong>Diogenen</strong></span> <span class='ocrx_word' id='word_1_300' title='bbox 1473 2780 1557 2818; x_wconf 74' lang='lat' dir='ltr'><strong>pre</strong></span> 
     </span>
    </p>
   </div>
   <div class='ocr_carea' id='block_1_6' title="bbox 1230 2837 1254 2851">
    <p class='ocr_par' dir='ltr' id='par_1_7' title="bbox 1230 2837 1254 2851">
     <span class='ocr_line' id='line_1_42' title="bbox 1230 2837 1254 2851; baseline 0 0"><span class='ocrx_word' id='word_1_301' title='bbox 1230 2837 1254 2851; x_wconf 72' lang='grc' dir='ltr'><strong><em>Ρ</em></strong></span> 
     </span>
    </p>
   </div>
   <div class='ocr_carea' id='block_1_7' title="bbox 1229 2848 1255 2883">
    <p class='ocr_par' dir='ltr' id='par_1_8' title="bbox 1229 2848 1255 2883">
     <span class='ocr_line' id='line_1_43' title="bbox 1229 2848 1255 2883; baseline 0 0"><span class='ocrx_word' id='word_1_302' title='bbox 1229 2848 1255 2883; x_wconf 68' lang='grc' dir='ltr'><strong>ξ)</strong></span> 
     </span>
    </p>
   </div>
  </div>
 </body>
</html>
